1932 2641
482 83 571 130 308
694 76 933 122 AORTAE
963 76 1040 120 ET
1068 76 1282 120 SPINAE
1313 76 1602 123 DORSALIS

480 197 644 237 breuem
684 203 724 236 et
760 194 964 250 obliquum
1017 194 1232 247 incessum,
1283 196 1513 252 insequentis
1564 199 1769 241 vertebrae

479 257 671 315 processui
708 260 922 301 transuerso
958 261 1115 314 eiusque
1150 259 1252 314 parti
1288 259 1463 304 inferiori
1506 263 1627 305 firmo
1664 276 1768 305 nexu

477 323 782 377 agglutinantur.

601 447 639 495 9.
678 464 722 504 7.
764 452 909 505 Nunc,
949 454 1054 507 quod
1093 454 1174 494 iam
1212 452 1295 493 sum
1323 453 1593 507 expositurus,
1627 468 1771 510 nempe

480 517 531 558 de
550 517 688 558 offium
707 516 836 571 spinae
851 549 862 569 ,
882 518 1004 571 iisque
1024 517 1397 571 superincumbentis
1415 527 1548 558 aortae
1567 519 1668 559 mira
1685 534 1774 560 cor-

478 582 689 635 ruptione,
725 582 765 621 id
802 581 1153 636 contemplationis
1189 582 1364 623 eiusdem
1390 581 1551 623 subiec‘ti
1579 582 1678 623 alter
1696 582 1777 623 fru-

482 643 564 683 c‘tus
601 643 673 684 est:
713 645 817 684 vnde
855 644 964 698 supra
1003 657 1226 687 memorata
1262 645 1419 687 assertio
1457 647 1504 687 de
1542 647 1648 686 vitae
1674 646 1777 687 inse-

480 708 645 761 parabili
693 709 971 752 coniunstione
1022 709 1153 765 spinae
1194 720 1235 750 et
1280 720 1447 762 aortae,
1499 720 1539 750 et
1575 710 1624 750 de
1662 710 1777 751 bonis

480 781 548 812 aut
584 771 699 812 malis
735 772 934 813 effectibus
971 786 993 814 e
1031 774 1101 814 tali
1137 774 1367 816 conditione
1405 774 1471 814 vel
1515 775 1665 827 integra
1711 774 1775 814 vel

481 836 706 889 deprauata,
729 837 1074 891 consequentibus,
1113 837 1200 879 satis
1227 839 1471 891 intelligitur.
1541 838 1674 893 Quam
1703 838 1776 877 du—

483 900 630 953 plicem
650 901 975 953 deprauationem
1012 904 1054 943 in
1091 915 1239 956 genere
1279 903 1470 943 illustrare
1503 901 1676 955 procliue
1697 901 1776 950 cst,

482 976 554 1016 per
589 964 779 1015 annosae⁷
813 965 949 1005 multis
983 967 1097 1007 nodis
1134 977 1175 1007 et
1218 966 1490 1007 excrcstentiis
1534 963 1779 1002 deformatae

483 1037 523 1066 et
564 1027 795 1068 tumefactae
833 1029 983 1069 arboris
1018 1038 1226 1071 truncum:
1268 1044 1312 1070 ac
1353 1039 1458 1080 pone
1499 1025 1637 1076 istum,
1675 1027 1776 1066 anti-

483 1103 604 1142 quum
625 1103 804 1142 murum,
841 1092 961 1131 variis
993 1091 1093 1131 locis
1132 1091 1397 1143 perforatum,
1432 1089 1521 1130 hinc
1543 1090 1665 1130 trunci
1685 1103 1779 1130 cor-

483 1154 602 1194 ticem
642 1166 713 1207 per
748 1154 920 1196 totidem
959 1155 1109 1194 radices
1141 1155 1241 1195 intra
1261 1155 1475 1208 praedictas
1493 1155 1612 1193 rimas
1631 1153 1691 1194 seu
1711 1167 1776 1194 cas

484 1218 621 1257 uitates
657 1227 922 1271 propagatum
959 1219 1177 1271 iisdemque
1209 1228 1466 1271 concretum·,
1504 1219 1564 1259 Ea
1599 1218 1780 1271 profecto

484 1282 660 1331 ratione,
692 1294 713 1319 a
749 1295 795 1329 3.
831 1281 934 1320 dorsi
966 1293 1087 1332 vsque
1124 1282 1171 1319 ad
1211 1286 1254 1319 6.
1296 1284 1470 1321 eiusdem
1490 1282 1667 1320 nominis
1685 1294 1782 1320 ver-

484 1344 637 1384 tebram
671 1343 877 1394 inclufiue,
912 1352 1045 1383 aortae
1078 1352 1117 1382 et
1150 1341 1278 1395 spinae
1311 1343 1470 1384 dorsalis
1506 1344 1643 1395 imago
1679 1356 1779 1382 ocu-

482 1407 530 1447 lis
559 1407 611 1446 est
630 1407 786 1447 oblata:
821 1404 1062 1457 Caeterum,
1102 1405 1211 1458 supra
1242 1417 1281 1446 et
1313 1405 1412 1447 infra
1442 1406 1659 1459 praefatum
1691 1405 1779 1459 spa—

484 1471 601 1521 tium,
634 1468 697 1510 seu
734 1471 774 1509 in
806 1479 917 1509 aorta
951 1467 1012 1508 scu
1043 1470 1084 1508 in
1125 1469 1256 1522 spina,
1293 1470 1445 1510 nullum
1493 1470 1657 1521 vitium,
1687 1469 1777 1510 nul—

485 1534 597 1586 laque
634 1533 864 1573 deformitas
895 1532 1057 1574 sensibus
1092 1533 1290 1587 apparuit.
1350 1534 1500 1585 Initio⁷
1534 1534 1685 1574 Aortae
1704 1546 1781 1573 ex—

486 1599 673 1637 teriorcm
713 1597 889 1638 habitum
920 1595 1003 1637 sum
1032 1597 1345 1651 contemplatus,
1385 1599 1425 1637 in
1454 1611 1528 1651 qua
1556 1598 1636 1637 duo
1669 1607 1779 1638 erant

485 1662 819 1702 animaduersione
840 1661 953 1713 digna
971 1692 981 1711 ,
1015 1661 1203 1701 videlicet
1229 1675 1267 1701 1.
1295 1662 1507 1715 superficiei
1527 1661 1668 1701 falrica
1685 1693 1695 1713 ,
1736 1674 1772 1699 2.

487 1726 660 1765 eiusdem
682 1725 877 1765 dilatatio.
949 1725 988 1765 A
1023 1725 1120 1765 iusta
1153 1724 1216 1764 seu
1253 1726 1417 1766 naturali
1438 1726 1651 1775 diametro,
1681 1738 1779 1778 quae

487 1790 540 1829 cst
581 1802 650 1839 14.
673 1789 741 1828 lin.
783 1801 834 1828 eo
869 1787 1022 1829 excessu
1059 1789 1304 1842 expansionis
1350 1799 1432 1829 erat
1469 1788 1702 1841 tumefacta,
1735 1798 1781 1829 vt

488 1854 568 1893 cius
605 1854 776 1893 ambitus
806 1865 928 1906 acque
961 1867 1005 1894 ac
1038 1852 1248 1906 longitudo
1281 1852 1349 1892 sex
1386 1854 1549 1907 pollices
1591 1866 1682 1894 cum
1717 1854 1781 1893 di-

489 1918 618 1958 midio
655 1927 859 1970 aequaret,
896 1918 998 1957 vnde
1026 1917 1107 1957 cius
1139 1917 1334 1957 diameter
1372 1917 1451 1958 sere
1493 1918 1614 1971 triplo
1651 1918 1779 1958 maior

490 1981 651 2021 naturali
692 1991 796 2031 erat,
831 1991 869 2019 et
905 1982 1009 2033 quod
1044 1981 1132 2021 hinc
1166 1980 1432 2033 confflqustur,
1483 1981 1645 2035 spatium
1675 1980 1780 2032 quod

489 2057 590 2086 nunc
625 2047 861 2100 occupabat,
895 2045 990 2086 illud
1026 2046 1131 2099 quod
1172 2046 1399 2087 naturaliter
1435 2055 1624 2100 occupat,
1658 2044 1777 2096 triplo

1653 2119 1777 2146 exce—
