1932 2641
259 82 341 155 ΒΕ
373 105 818 154 CIRCVLATIONE
849 105 1186 151 SANGVINIS,
1307 120 1391 159 293

111 229 310 271 municato
343 226 545 269 transirent
579 227 618 267 in
651 226 726 268 alia
769 227 875 268 loca.
954 224 1066 266 Nam
1111 226 1150 266 in
1193 225 1272 266 hoc
1315 225 1399 266 casu

108 294 303 347 fiippofito
336 292 471 332 omnia
504 291 540 331 se
560 290 728 341 habent,
764 292 819 331 vti
840 292 878 331 in
898 288 1075 344 siphone.
1141 290 1269 345 Sipho
1288 291 1398 330 enim

109 358 164 399 est
194 368 260 396 vas
293 354 523 396 arteriosum
555 356 724 410 rigidum
758 367 797 394 et
828 355 1014 408 plenum,
1049 353 1179 406 liquor
1198 364 1402 395 contentus

109 421 163 461 est
194 419 364 473 sanguis,
399 419 460 460 vis
493 420 645 460 emboli
679 431 840 460 mouens
862 419 915 457 et‘t
936 419 995 457 vis
1014 417 1162 458 cordis:
1198 427 1238 457 et
1256 429 1401 470 quem—

109 485 329 526 admodum
361 485 401 524 in
433 494 647 524 momento
680 483 854 524 trusionis
887 482 1036 522 emboli
1075 481 1207 535 liquor
1248 493 1300 521 ex
1351 481 1402 521 fi-

107 550 243 604 phone
275 548 451 603 prosilit,
488 548 541 588 ita
573 548 753 589 fimiliter
789 548 829 586 in
863 556 1075 586 momento
1108 546 1276 587 aetionis
1309 556 1404 586 cor-

109 613 170 654 dis
207 612 357 667 fiinguis
389 622 499 654 extra
533 611 620 652 vasa
652 612 762 653 viam
795 611 862 652 fibi
896 610 1133 665 quaesiturus
1166 607 1273 650 esset.

183 737 220 783 5.
259 745 333 793 36.
370 742 524 783 Verum
543 742 651 782 enim
672 752 794 792 vero,
813 751 922 792 cum,
944 750 1036 794 quae
1041 739 1221 791 fingimus
1239 739 1288 788 (ξ.
1307 750 1328 788 3
1340 738 1402 787 5.)

108 818 176 846 non
194 807 379 863 exzstant,
410 810 533 846 etiam
557 817 610 846 ex
629 806 702 846 hac
722 816 831 860 parte
853 817 990 858 parum
1011 804 1279 857 proficiemus.
1314 803 1404 842 Ab·

110 870 154 910 sit
184 879 317 910 autem
333 901 345 921 ,
383 879 429 910 vt
461 881 515 908 ex
547 876 687 922 negata
718 865 888 922 vasorum
931 869 1120 922 rigidam,
1163 876 1227 919 et,
1268 867 1295 907 fi
1336 865 1404 906 vel

112 934 292 974 maxime
323 933 654 985 concederemus,
691 934 821 988 <quod
854 942 988 973 tamen
1022 931 1210 972 haetenus
1242 932 1404 982 ignora-

114 998 224 1045 mus)
259 997 499 1037 celeritatem
536 996 732 1050 sanguinis
764 998 804 1037 in
837 995 995 1036 vasculo
1038 1003 1224 1033 extremo
1265 993 1404 1046 quouis

112 1059 320 1113 separatim
353 1060 596 1100 considerato
630 1074 711 1101 non
731 1060 895 1101 eandem
917 1056 1016 1108 effe,
1050 1070 1147 1111 quae
1177 1057 1317 1096 eratin
1340 1067 1406 1095 ar·-

114 1124 234 1164 teriae
255 1123 478 1176 principio,
494 1121 588 1162 absit
607 1123 765 1176 inquam
780 1153 792 1172 ,
827 1131 873 1160 vt
890 1122 1033 1162 exinde
1060 1119 1293 1160 concludere
1317 1117 1408 1159 vel-

114 1187 263 1238 lemus,
298 1185 455 1237 systoles
487 1194 671 1238 tempore
704 1198 771 1226 non
802 1197 939 1225 omnem
971 1184 1201 1237 portionem
1237 1177 1292 1232 (ἕ.
1318 1184 1409 1234 24.)

114 1251 153 1289 in
189 1263 308 1290 venas
325 1249 551 1305 transfundi.
619 1249 794 1302 Oportet
813 1248 923 1296 sane,
961 1258 1005 1286 vt
1024 1247 1281 1299 quantitatem
1302 1247 1408 1287 illius

113 1312 321 1351 celeritatis
362 1313 548 1360 sciamus,
593 1312 737 1362 absque
780 1311 889 1348 cuius
932 1308 1106 1348 mensura
1152 1309 1409 1349 ratiocinium

115 1375 290 1416 nostrum
320 1373 492 1414 flustuat.
562 1372 691 1413 Pofito
725 1372 835 1412 euim
871 1372 1081 1413 celeritatis
1122 1373 1406 1425 decremento,

116 1450 179 1479 aut
208 1439 274 1480 illa
295 1438 428 1478 omnis
455 1436 683 1487 euanescet‚
722 1436 926 1489 autaliqua
946 1436 1083 1476 saltem
1117 1436 1288 1476 restabit.
1362 1437 1409 1477 Si

115 1504 276 1557 quidem
310 1501 490 1543 velocitas
522 1500 621 1541 nulla
639 1501 763 1550 foret,
800 1508 884 1540 tum
914 1510 953 1539 et
972 1499 1130 1539 effectus
1150 1499 1295 1540 virium
1316 1512 1411 1542 cor-

113 1569 173 1607 dis
206 1565 299 1607 effet
333 1567 462 1616 nulla,
497 1575 538 1605 et
570 1565 689 1606 maffa
725 1564 829 1604 foret
860 1562 1073 1617 respectiue
1105 1563 1282 1615 infinita,
1316 1576 1412 1604 ver-

117 1632 190 1671 bo:
227 1630 342 1670 nullus
378 1631 492 1683 plane
525 1637 639 1670 motus
671 1639 858 1683 quatenus
891 1642 910 1668 a
946 1628 1125 1682 potentia
1167 1629 1296 1668 cordis
1338 1626 1410 1669 de·-

117 1696 327 1748 penderet‚
363 1693 609 1748 sequeretur,
643 1693 705 1734 sed
746 1694 786 1732 in
829 1691 968 1744 systole
1009 1693 1136 1733 cordis
1177 1690 1328 1745 sanguis
1370 1693 1410 1734 in

117 1759 432 1799 extremitatibus
465 1757 635 1811 perfecte
668 1759 810 1812 quietus
842 1757 1084 1808 subsisteret3
1121 1756 1161 1796 in
1194 1754 1275 1797 hoc
1293 1756 1411 1810 igitur

116 1822 200 1863 casu
233 1834 387 1876 tempus
421 1821 686 1862 transfusionis
718 1836 739 1861 a
773 1820 935 1872 systoles
968 1821 1099 1861 cordis
1131 1829 1314 1874 tempore
1334 1820 1413 1861 dis«

119 1886 250 1926 ferret.
319 1886 396 1926 Sed
429 1886 548 1926 restet
590 1886 716 1926 adhuc
759 1887 886 1940 aliqua
931 1884 1152 1926 velocitas:
1194 1883 1251 1925 fac
1296 1885 1410 1927 illam

116 1951 303 1992 tantillam
335 1950 434 1990 effe:
469 1949 573 1989 vnde
593 1950 777 1989 nouimus
796 1950 1008 2002 angustiam
1029 1949 1143 2001 viae⁷
1179 1958 1318 2003 vtpote
1343 1961 1412 1990 ce·-

119 2014 281 2055 leritatis
314 2024 539 2064 remotam,
576 2026 644 2067 per
677 2013 973 2054 multitudinem
1008 2014 1307 2054 extremitatum
1330 2025 1411 2053 non

119 2077 392 2132 compensari?
425 2079 619 2135 Quamuis
650 2079 758 2118 enim
791 2078 939 2119 vascula
971 2077 1043 2118 smt
1077 2076 1216 2118 osculis
1235 2075 1411 2131 praedita

688 2142 726 2181 Ο
742 2154 766 2181 o
791 2155 816 2192 3
1328 2140 1413 2182 mi-
