1932 2641
422 79 1141 129 ΕὉΝΒΤΑΝΤΙΝΟΡΟΙΔΙΤΑΝΑὓ
1374 99 1397 138 3
1408 87 1464 137 87

165 217 214 250 ro
246 203 355 259 supra
386 202 738 245 demonstrauimus
774 205 826 244 A.
869 201 918 245 C.
964 207 985 244 8
995 214 1066 255 59.
1112 217 1134 246 a
1178 203 1326 246 Photio
1360 202 1471 247 fuiss‘e

164 267 382 312 conuersos.
450 268 611 321 Regino
646 268 906 321 prumiensis,
940 269 1196 323 Eggelmrclus
1228 269 1468 325 Vragiensis,

162 331 337 375 Annales
370 331 615 372 Francorum
649 333 854 373 Fuldenses
890 334 942 374 A.
977 333 1027 374 C.
1053 337 1155 385 867.
1193 335 1350 376 tradunt
1386 335 1473 377 Lu*

162 396 351 438 douicum
385 396 498 437 Pium
531 395 635 451 Imp.
672 395 850 451 Bulgaris
869 398 1089 451 petentibus
1110 397 1469 454 Archiepiscopum

158 473 251 502 cum
283 459 370 501 aliis
402 460 611 515 Episcopis
643 470 683 502 et
716 461 952 513 Presbyteris
983 462 1154 514 dedisse,
1191 460 1268 517 sed
1295 462 1470 516 Romani,

157 524 361 580 inquiunt,
391 522 562 581 Episcopi
594 527 672 567 iam
703 533 780 567 tum
809 532 927 567 totam
957 532 1101 568 terram
1134 525 1238 568 illam
1262 527 1471 582 baptizan-

157 589 204 631 do
236 595 274 630 et
298 590 555 644 praedicando
586 590 835 646 repleuerant.
903 591 1035 647 Quare
1071 589 1171 630 nihil
1192 590 1316 630 obstat
1330 622 1341 642 ,
1375 591 1470 644 quin

156 654 212 695 A.
233 651 284 694 C.
311 657 413 695 861.
448 654 497 697 ad
530 656 762 702 Romanam
799 654 1002 696 ecclesiam
1033 652 1195 708 Bulgari
1227 653 1300 694 sese
1328 667 1473 708 aggrea

154 718 299 772 gai-int·
386 718 534 774 Neque
567 733 668 762 vero
711 719 790 761 hoc
823 718 988 760 Batonii
1032 718 1245 759 sententiae
1284 717 1471 772 suffraga-

154 791 243 832 tur,
277 794 403 834 neque
436 784 614 826 nostram
647 784 728 838 vlla
761 793 875 839 parte
919 782 1127 824 conuellit:
1166 783 1311 824 iisdem
1357 784 1467 823 enim

154 843 290 884 verbis
324 843 491 885 Photius
523 849 580 885 Α.
602 847 655 887 C.
680 853 784 889 866.
821 850 870 889 de
902 846 1083 901 Bulgaris
1121 846 1284 886 scribere
1312 847 1469 900 potuit,

156 914 196 946 at
222 905 270 945 de
303 906 411 946 bello
431 907 594 951 Roffico
615 911 670 951 A.
696 909 745 952 C.
774 917 876 963 863.
914 925 995 953 non
1025 911 1183 965 potuit,
1219 911 1325 964 quod
1344 908 1466 952 AC*

160 973 218 1010 86
224 980 267 1036 ξ.
304 970 454 1024 gestum
485 970 561 1013 effe
590 974 966 1019 demonstrauimus.

273 1098 389 1139 Hanc
421 1096 623 1141 Rofficam
658 1101 960 1153 expeditionem
995 1099 1143 1139 recenti
1177 1100 1377 1140 memoria
1398 1112 1469 1141 cen

154 1164 280 1205 lebrat
322 1163 500 1204 Photius.
567 1161 613 1203 Id
659 1175 756 1203 vero
800 1163 916 1203 nobis
957 1163 1247 1218 percommode
1299 1164 1467 1217 accidit,

154 1230 220 1282 qui
254 1229 308 1269 A.
331 1227 382 1269 C.
411 1231 513 1268 866.
554 1227 641 1282 post
674 1239 808 1268 xxv1.
843 1228 946 1269 Maii
979 1240 1071 1269 cnm
1105 1226 1270 1268 Basilius
1311 1228 1465 1282 collega

149 1292 274 1332 fiie‘tus
306 1293 385 1344 est,
423 1292 635 1345 epistolam
670 1292 869 1333 statuimus
902 1292 1097 1342 scriptam.
1168 1290 1352 1342 Sequitur
1394 1294 1467 1332 tle--

150 1355 243 1394 inde
278 1355 520 1408 Episcopum
553 1368 575 1396 a
609 1354 756 1396 Photio
776 1351 902 1394 Ruffis
921 1352 994 1391 effe
1015 1350 1177 1392 missum
1206 1352 1259 1391 A.
1283 1350 1331 1391 C.
1360 1356 1463 1403 865,

149 1417 262 1458 illico
295 1417 381 1471 post
412 1418 567 1457 cladem
602 1417 830 1459 Rufforum.
896 1415 1040 1468 Neque
1074 1415 1173 1454 hanc
1201 1424 1355 1467 partem
1378 1420 1469 1470 epi—-

151 1481 271 1523 stolae
305 1480 370 1521 vel
408 1481 532 1520 verbo
565 1480 709 1520 refellit
740 1479 956 1533 Episcopus
989 1480 1221 1529 Romanus,
1257 1492 1349 1519 cnm
1369 1492 1462 1522 eum

151 1558 250 1601 quae
284 1546 324 1585 in
357 1544 489 1586 Rnffia
511 1544 672 1592 fierent,
708 1542 841 1597 fugere
861 1556 941 1583 non
962 1552 1150 1596 potuere,
1185 1540 1364 1597 Bulgaris
1384 1543 1465 1586 fre»-

152 1619 318 1664 quenter
338 1610 519 1651 Romam
540 1617 580 1648 et
598 1609 638 1648 in
661 1605 922 1648 Germaniam
944 1607 1274 1647 commeantibus.
1322 1608 1464 1665 Quam--

150 1683 237 1715 tum
272 1673 340 1713 ille
372 1672 520 1713 Photio
554 1672 789 1724 insultasset,
826 1682 873 1712 vt
904 1681 987 1711 erat
1022 1684 1133 1723 acer,
1177 1671 1204 1712 si
1247 1685 1292 1713 ea
1335 1673 1376 1712 in
1418 1688 1462 1715 re

150 1738 349 1779 aduersam
383 1747 512 1777 tantae
545 1736 774 1789 gloriationi
807 1737 890 1776 eius
928 1735 1078 1776 samam
1114 1734 1308 1786 tenuisset.
1376 1738 1463 1779 Ta-

151 1815 245 1843 men
278 1802 417 1842 auftor
450 1801 601 1853 Knigae
635 1800 895 1853 Srepennaiae
929 1813 1072 1853 negare
1094 1801 1277 1851 videtur,
1313 1802 1462 1843 Roffos

150 1879 199 1906 eo
234 1876 417 1920 tempore
451 1865 634 1905 ecclesiae
668 1862 774 1905 fuiffe
808 1874 1066 1917 aggregatos,
1101 1871 1302 1904 eteorum
1334 1866 1373 1904 in
1394 1865 1462 1907 lo-

151 1944 242 1970 cum
278 1929 483 1971 Cumanos
503 1929 711 1981 substituit,
733 1928 863 1969 nescio
884 1941 998 1981 quos:
1036 1927 1160 1967 multa
1191 1940 1345 1981 qnoque
1367 1943 1461 1983 per-n

150 1994 285 2036 miscet
327 2009 405 2035 non
441 1995 658 2035 admodum
693 1993 948 2033 consentanca
971 1993 1089 2031 veris,
1159 1991 1459 2036 NihilPhotinS

148 2061 196 2100 de
232 2061 424 2102 miraculo
459 2060 650 2113 euangelii
686 2060 733 2103 ln*
761 2061 894 2112 ignem
929 2058 1124 2110 coniecti,
1160 2056 1260 2099 nihil
1281 2058 1388 2099 idem
1411 2060 1470 2100 de.

574 2131 585 2141 ‘
718 2121 816 2164 Ccc
847 2135 869 2162 2
1372 2125 1455 2166 Ar-
