1932 2641
512 126 604 167 304
722 108 959 156 AORTAE
991 109 1068 154 ET
1099 108 1311 154 SPJNAE
1347 110 1633 156 DORSALIS

505 231 580 272 esse
600 229 785 272 molitam
802 262 813 282 ,
847 229 1056 271 efficiendo
1077 229 1285 281 videlicet,
1318 239 1362 270 vt
1381 233 1639 274 vacillationis
1659 240 1699 272 et
1716 231 1794 272 flu-

505 295 716 336 e'tuationis
750 307 912 349 expers,
950 294 1041 334 hinc
1074 294 1181 333 offeo
1214 291 1468 334 fundamento
1499 297 1648 349 postico
1675 295 1795 351 stipa-

503 367 592 400 tum
607 390 618 411 ,
652 360 778 399 antica
798 371 893 399 vero
912 357 1025 408 facie,
1048 370 1069 397 a
1092 356 1306 410 supertenfa
1326 357 1403 396 tela
1422 357 1578 400 duriore
1596 360 1643 400 ad
1662 359 1792 414 spinae

508 422 735 464 contactum
770 424 930 476 propius
962 421 1210 474 compulsum
1235 451 1246 471 ,
1297 421 1462 474 denique
1521 434 1542 461 a
1598 422 1790 464 viscerum

502 486 704 527 consortio
737 487 784 527 sit
817 485 1023 531 seclusum,
1058 485 1096 524 id
1130 485 1310 538 profesto
1343 486 1445 524 inter
1462 482 1625 524 fabricae
1652 486 1796 527 huma-

502 562 575 590 nae
608 550 868 603 perfectiones
899 558 938 588 et
971 550 1260 600 praerogatiuas
1293 547 1396 588 haud
1437 548 1660 601 postrema,
1701 549 1793 590 hinc

502 614 553 654 ad
585 613 814 654 seruandum
849 622 1005 652 motum
1038 612 1258 664 directum,
1292 622 1332 652 et
1363 613 1568 652 circuitum
1588 610 1795 665 fimguinis,

501 676 775 730 aequabilem,
809 689 829 715 a
862 675 1003 728 figura,
1038 676 1250 728 diametro,
1286 675 1524 727 elasticitate,
1562 685 1602 716 et
1634 675 1797 717 restitu-

501 740 595 781 dine
629 740 827 781 constante
860 740 1012 781 Aortae
1047 740 1300 794 pendentem,
1334 740 1388 780 est
1406 753 1595 795 perquam
1627 737 1798 782 necessa-

503 805 575 847 ria.

619 870 651 919 (5.
691 883 731 920 3.
770 870 875 926 Quia
911 880 1061 922 antem,
1098 882 1214 910 verae
1247 868 1413 910 fabricae
1463 868 1591 922 spinae
1633 867 1795 908 dorsalis

502 933 701 973 memoria
734 935 837 986 apud
871 947 936 974 me
968 933 1049 974 fere
1083 934 1255 974 obsoleta
1288 944 1394 985 erat,
1427 945 1594 986 quanam
1642 931 1796 969 ratione

502 1006 572 1049 per
605 994 724 1036 hosce
757 997 839 1036 dies
872 1009 960 1037 eam
993 996 1074 1037 sum
1109 998 1356 1049 consecutus,
1395 1010 1437 1036 ac
1473 1006 1594 1047 porro
1628 992 1720 1046 quid
1753 993 1796 1033 in

501 1059 648 1098 eodem
681 1057 855 1098 subiecto
889 1060 1013 1099 adhuc
1048 1061 1384 1101 animaduersione
1404 1059 1568 1109 dignum
1588 1068 1797 1109 rarumque

502 1119 547 1161 fit
598 1120 872 1173 obseruatum,
914 1122 1010 1161 duce
1052 1127 1250 1162 Anatome
1295 1120 1360 1161 hic
1411 1133 1626 1174 exponam.
1702 1117 1796 1161 offa

500 1184 633 1238 itaque
665 1183 796 1238 spinae
830 1183 1017 1237 dorsalis,
1052 1195 1187 1226 contra
1222 1186 1391 1226 aliorum
1426 1184 1566 1226 ossium
1608 1196 1796 1225 commu·

502 1259 599 1288 nem
632 1248 836 1299 indolem,
882 1248 1002 1288 crusta
1045 1250 1263 1301 exteriore,
1305 1262 1403 1303 quae
1447 1250 1487 1289 in
1528 1248 1615 1288 aliis
1657 1248 1797 1289 ossibus

502 1311 610 1350 vitro
645 1310 804 1361 similis,
840 1310 1079 1350 incredibilis
1122 1311 1318 1351 firmitatis
1359 1312 1634 1364 soliditatisque
1677 1310 1797 1350 cauffit

503 1372 578 1424 est,
614 1373 716 1413 haud
750 1374 977 1413 naturaliter
1010 1374 1178 1414 obducta
1213 1374 1291 1414 viia
1324 1373 1426 1413 finit:
1471 1373 1625 1413 Eorum
1646 1373 1795 1413 solum-

502 1437 631 1477 modo
664 1449 751 1490 pars
784 1437 926 1489 postica
959 1437 1115 1476 dorsum
1151 1447 1314 1487 vocata,
1350 1436 1462 1488 super
1494 1448 1608 1489 quam
1642 1436 1800 1490 proces-

502 1499 558 1540 sus
589 1499 811 1551 eleuantur,
847 1509 929 1539 tam
951 1508 1063 1539 extus
1097 1513 1215 1553 quam
1249 1501 1351 1540 intus
1391 1500 1607 1541 istiusmodi
1651 1500 1797 1550 crusta,

501 1562 564 1604 sed
600 1564 705 1606 tenui
726 1564 779 1603 est
799 1563 1000 1604 instructa:
1035 1563 1103 1604 Ex
1135 1564 1292 1603 aduerlo
1309 1595 1319 1615 ,
1351 1573 1458 1616 parte
1485 1565 1680 1603 anteriore
1701 1577 1798 1617 quae

503 1624 748 1682 proceffuum
783 1641 826 1667 ac
872 1628 1096 1668 istiusmodi
1125 1628 1268 1668 crustae
1298 1640 1438 1681 expers
1467 1628 1546 1673 est,
1586 1627 1701 1667 color
1727 1641 1799 1681 ap-

503 1701 616 1746 paret
648 1691 984 1742 atrorubicundvs,
1022 1693 1275 1746 eiusdemque
1309 1692 1458 1733 coloris
1477 1691 1606 1732 succus
1626 1691 1798 1742 exliidat,

503 1767 584 1809 quo
603 1754 755 1795 deterso
783 1753 950 1808 ipfiirum
979 1755 1208 1796 cellularum
1233 1756 1426 1796 foramina
1460 1767 1608 1808 magno
1629 1767 1798 1795 numero

504 1819 587 1859 iam
608 1819 649 1858 in
670 1818 807 1859 oculos
826 1819 966 1859 cadunt
979 1850 989 1869 ,
1012 1829 1057 1859 vt
1075 1820 1113 1858 in
1137 1820 1404 1860 vertebrarum
1429 1832 1594 1873 corpore
1615 1831 1735 1872 aeque
1756 1830 1798 1859 ac

503 1883 692 1924 extremis
726 1883 986 1935 proceffuum,
1021 1883 1233 1936 perspicere
1272 1884 1445 1936 procliue
1479 1883 1545 1923 est.

622 1948 654 1996 ξ.
680 1960 722 1997 4.
758 1946 900 1998 Porro,
935 1948 1173 1987 incredibilis
1205 1949 1317 2001 copia
1360 1948 1624 1988 minimorum
1664 1945 1798 1987 vascu-

506 2010 638 2052 lorum
658 2009 1024 2064 rubentium,li1per
1043 2011 1255 2064 praefatam
1277 2012 1534 2052 rubicundam
1555 2010 1797 2065 superficiem

508 2074 793 2118 luxuriantium
828 2073 1115 2130 profundasque
1136 2076 1284 2118 radices
1304 2077 1404 2118 intra
1424 2076 1582 2117 cellulas
1600 2074 1796 2129 agentium

1733 2137 1799 2178 hic
