1932 2641
231 83 314 130 DE
343 81 762 131 LITTERATVRA
795 81 1203 129 MANGJVRICA,
1307 97 1398 152 μή

104 205 300 250 Naruenfi
335 205 392 248 A.
447 207 586 256 1716.
632 204 792 258 accepi,
836 202 897 243 cui
943 203 983 245 id
1032 202 1197 247 Gabriel
1242 207 1405 261 quidam

97 269 315 326 Mungalus
346 271 388 311 in
414 267 568 311 Siberia
600 279 815 323 Vtcumque
848 265 1108 322 descripserat.
1174 271 1265 311 Hoc
1300 270 1403 312 mihi

99 336 336 378 adiumento
380 334 479 386 fuit,
514 346 607 376 cum
636 333 850 374 Elementa
884 332 1126 373 litteraturae
1164 333 1407 376 Brahmaiii-

97 410 192 451 cae,
227 399 486 453 Tangutanae
518 407 559 438 et
588 397 841 449 Mungalicae
881 397 986 449 typis
1013 395 1155 437 Sinicis
1194 400 1299 438 edita
1329 411 1404 439 ex-

96 462 277 518 plicanda
296 463 451 519 sumpsi.
486 465 568 515 (3)
603 461 756 503 Nactus
782 460 926 500 deinde
954 460 1036 502 sum
1065 461 1213 502 tabulas
1233 475 1404 516 geogra-

94 526 234 582 phicas
253 527 408 571 excusas
428 528 469 567 in
488 526 615 578 Sinis,
649 526 690 565 in
719 525 857 579 quibus
884 524 1019 577 vrbes,
1056 527 1245 577 flumina,
1280 539 1407 567 mon-

93 600 177 643 teS,
210 592 342 644 lacus,
377 592 466 632 loca
497 591 572 631 alia
601 599 713 630 extra
750 590 913 629 moenia
949 590 1111 644 imperii
1139 590 1289 643 Sinici,
1325 604 1402 631 nu·-

90 666 209 697 mero
240 655 321 697 fere
349 655 399 696 ad
429 665 596 709 quatuor
615 654 768 706 millia,
800 651 938 708 scripta
960 663 1070 694 erant
1087 655 1227 695 litteris
1247 656 1398 709 Mang-

79 712 223 774 juricis
250 729 292 760 et
323 719 580 773 Mungalicis.
646 719 704 760 Et
730 718 837 772 quod
866 730 933 759 me
963 719 1002 757 in
1037 720 1178 773 primis
1197 720 1260 760 hic
1280 721 1405 772 iuuit,

98 782 254 824 adiecta
300 793 387 824 erat
430 783 611 838 separatis
649 784 691 824 in
727 782 876 823 schedis
914 783 1187 838 interpretatio
1227 783 1408 824 hominis

90 843 200 886 Itali.
285 846 366 887 Hic
395 846 516 887 Italus
546 847 679 899 legere
708 859 753 887 ea
783 845 864 901 ipse
892 859 974 888 non
1002 850 1135 902 potuit
1158 880 1168 899 ,
1214 849 1320 902 quod
1347 858 1402 889 ex

89 908 196 951 illius
221 910 534 953 aberrationibus
562 909 663 950 haud
691 910 904 952 difficulter
933 910 1024 952 senfi
1049 943 1060 963 ‚
1115 912 1175 952 sed
1206 912 1401 952 lectorem

89 973 295 1026 adhibuit,
330 974 440 1015 cuius
469 986 639 1026 vocem,
674 974 786 1029 saepe
806 987 887 1015 non
907 975 995 1013 satis
1023 974 1269 1014 obseruatam
1286 1006 1296 1025 ,
1333 975 1404 1014 lit-

90 1038 185 1078 teris
211 1036 359 1079 Italicis
386 1037 536 1078 retulit.
600 1038 805 1079 Praeterea
842 1047 997 1078 tantum
1030 1037 1136 1078 illius
1164 1038 1403 1091 interpreta-

91 1099 217 1140 tionis
248 1099 484 1154 apographo
513 1099 598 1139 sum
626 1100 712 1139 vsus
731 1130 743 1151 ,
786 1102 827 1140 in
855 1113 933 1152 quo
961 1112 1032 1153 per
1060 1101 1304 1153 quarundam
1332 1101 1405 1141 lit·-

89 1169 268 1205 terarum
288 1161 518 1205 Italicarum
537 1163 638 1204 inter
656 1161 694 1203 se
713 1163 1051 1215 conuenientium,
1087 1174 1259 1205 erratum
1279 1166 1402 1206 etiam

89 1223 166 1266 fuit
194 1226 357 1281 saepius.
425 1227 648 1281 Vtrumque
684 1227 996 1268 incommodum
1038 1237 1170 1268 tamen
1210 1227 1400 1282 iiiperaui.

89 1287 274 1329 Primum
300 1292 412 1330 enim
437 1321 449 1340 ‚
503 1291 696 1342 quoniam
725 1292 757 1329 is
786 1289 908 1329 Italus
937 1299 1094 1342 partem
1123 1302 1270 1343 quoque
1291 1291 1403 1332 Sim*

85 1361 233 1393 corum
259 1350 533 1394 charafterum
561 1351 663 1391 intra
692 1363 854 1393 murum
886 1352 1025 1393 iisdem
1055 1354 1096 1393 in
1126 1355 1284 1408 mappis
1302 1368 1398 1396 mo‘

85 1426 132 1457 re
150 1414 219 1457 suo
239 1415 506 1471 descripserat:
540 1415 596 1456 ita
615 1415 826 1468 intellexi,
858 1429 977 1469 quam
998 1429 1135 1457 earu-m
1155 1417 1376 1460 litterarum
1392 1447 1404 1470 a

85 1490 179 1534 quas
196 1479 396 1532 adhibuit,
430 1479 808 1535 pronunciationem
837 1480 917 1521 effe
943 1490 1163 1534 oporteret.
1231 1483 1287 1523 Et
1306 1496 1399 1525 cum

88 1542 132 1585 in
160 1543 267 1586 Leao
294 1552 372 1587 tum
399 1545 568 1586 nomina
603 1543 790 1586 locorum
818 1557 943 1600 paene
973 1545 1110 1585 omnia
1141 1543 1264 1586 effent
1290 1546 1402 1589 Sini-

83 1618 156 1659 επ,
189 1609 334 1650 litteris
363 1618 499 1651 tamen
521 1604 783 1663 Mangjuricis
817 1609 984 1663 scripta,
1022 1620 1073 1649 cx
1094 1610 1141 1649 iis
1160 1611 1292 1652 multo
1311 1625 1403 1653 ma-

88 1671 204 1713 xime
233 1671 290 1714 fui
318 1673 595 1715 confirmatus.
663 1673 852 1715 Alterum
882 1674 1192 1715 incommodum
1221 1674 1400 1729 diligenti

81 1735 366 1779 obseruatione
385 1738 531 1779 sustuli.
599 1736 661 1778 Ita
689 1738 855 1793 denique
884 1737 1031 1778 collato
1060 1750 1156 1778 meo
1184 1739 1400 1793 alphabeto

91 1797 353 1854 Mungalico‚
387 1811 475 1844 tum
496 1801 768 1857 Manuscripto
797 1803 972 1857 quodam
1005 1801 1183 1844 Kolescri
1226 1806 1274 1844 de
1318 1805 1403 1846 Ke-

89 1873 269 1916 res-eer‚
305 1867 381 1906 viri
400 1866 658 1917 ornatissimi,
693 1876 733 1906 et
754 1868 900 1918 tertio,
936 1866 1045 1920 quod
1069 1866 1259 1908 Nicolaus
1279 1869 1402 1910 Vuit—

88 1925 217 1968 senius
243 1928 391 1982 edidit,
423 1931 508 1981 (4)
542 1929 764 1971 incredibili
788 1932 922 1972 labore
950 1942 1103 1972 nouum
1124 1941 1163 1972 et
1182 1931 1401 1986 perfectum.

1256 2011 1396 2038 omni-

171 2083 229 2124 (3)
250 2082 322 2113 vide
344 2084 396 2114 hos
417 2084 642 2115 Commentarios
663 2085 759 2115 Tomo
779 2087 834 2114 111.
856 2094 884 2123 p.
908 2086 977 2124 389.
1010 2091 1036 2112 et
1069 2084 1166 2113 Tomo
1196 2085 1246 2115 IV.
1276 2097 1293 2124 p
1323 2096 1400 2126 290,

87 2126 150 2170 (4)
172 2135 201 2168 p.
227 2133 296 2158 ιιι.
318 2127 350 2157 in
373 2128 460 2167 prima
480 2126 624 2157 editione:
647 2135 712 2157 nam
735 2129 765 2157 in
788 2126 905 2173 secund·
928 2127 981 2157 hoc
994 2125 1171 2165 alphabetum
1189 2127 1376 2160 om’xffumcst
