1932 2641
535 115 622 164 με
724 109 804 152 DE
837 104 1253 150 LITTERATVRA
1286 107 1688 155 MANGIVRICA.

531 229 717 271 omnibus
749 228 924 270 numeris
947 259 958 279 ‚
992 237 1037 267 vt
1073 235 1159 266 tum
1192 228 1353 281 quidem
1386 230 1486 271 mihi
1518 230 1821 286 persuadebam,

529 293 714 344 condidi,
756 292 819 333 sed
846 291 1081 345 Muugalicis
1110 288 1441 347 Mangjuricisque
1472 296 1572 351 inter
1603 295 1639 336 se
1673 297 1831 350 permi-

529 358 606 399 stis.
707 356 904 398 Nondum
949 357 1056 395 enim
1095 355 1300 409 Petropoli
1344 365 1426 395 erat
1467 359 1665 411 quisquam
1699 372 1824 411 vnus,

529 424 597 476 qui
630 421 785 461 istarum
820 421 1038 461 litterarum
1072 419 1137 459 vel
1175 420 1282 459 tenui
1314 421 1545 474 cognitione
1573 419 1666 462 effet
1694 423 1826 463 imbu-

530 495 591 526 tus
611 517 623 538 ‚
671 486 895 538 linguarum
929 493 1061 524 tamen
1098 484 1208 535 gnari
1241 482 1327 523 satis
1360 485 1477 524 multi
1510 494 1635 524 erant.
1700 485 1827 539 Igitur

529 550 669 590 ducem
707 548 843 588 adsciui
874 545 1069 596 joannem
1104 546 1351 587 Franciscum
1385 545 1684 588 Gerbillonium
1718 549 1759 589 S.
1789 550 1825 600 J.

530 614 638 654 cuius
655 611 958 665 grammaticam
980 609 1276 663 Mungalicam,
1312 612 1466 653 tametsi
1495 611 1572 652 fine
1599 620 1640 651 et
1665 613 1830 654 nomine

528 676 699 717 auctoris
731 685 771 714 et
804 675 944 714 litteris
966 674 1204 727 Mungalicis
1225 707 1236 726 ‚
1276 675 1588 717 Melchisedecus
1607 674 1840 729 Theuenof

530 748 591 779 tus
610 741 651 779 in
671 739 907 780 collectione
928 739 1114 779 itinerum
1141 739 1327 780 rariffima
1347 734 1560 793 euulgauit.
1627 738 1703 779 Hic
1721 736 1839 780 Ger-'

530 803 717 844 billonius
756 816 848 844 cum
887 802 1097 852 Joachimo
1141 801 1297 844 Buueto
1343 804 1439 845 octo
1481 802 1632 844 menses
1673 803 1830 856 linguae

529 867 783 920 Mungalicae
816 880 980 921 operam
1018 868 1177 907 dederat
1198 900 1209 921 ,
1254 880 1345 908 cum
1380 868 1480 909 Kam
1513 867 1571 907 Hi
1603 865 1830 920 Imperator

531 932 612 984 eis,
648 942 692 971 vt
719 941 830 971 tanto
864 932 990 984 magis
1019 931 1281 985 proficerent,
1315 931 1543 985 magistrum
1573 930 1613 969 in
1642 930 1727 969 aula
1757 930 1830 968 de-

531 995 601 1034 dit.
666 994 827 1034 Deinde
859 996 1022 1033 eosdem
1060 995 1158 1035 iulsit
1191 1007 1290 1036 artes
1316 997 1542 1048 Europaeas
1579 991 1718 1030 cadem
1753 992 1833 1031 lin-

530 1070 605 1110 gua
634 1058 698 1099 sibi
726 1058 937 1110 explicare.
975 1059 984 1106 (
1005 1069 1025 1105 5
1047 1062 1059 1106 )
1094 1056 1390 1099 Gerbillonium
1418 1068 1508 1095 cum
1532 1055 1671 1108 primis
1691 1055 1730 1094 in
1752 1054 1832 1095 ho-

532 1133 630 1160 nore
663 1120 800 1160 habuit
824 1151 835 1171 ,
888 1120 1135 1173 eundemque
1178 1131 1217 1160 et
1263 1121 1447 1161 omnibus
1481 1119 1521 1158 in
1556 1119 1833 1161 venationibus

531 1183 661 1225 secum
695 1183 810 1224 duxit
842 1194 883 1222 et
917 1184 972 1224 A.
1012 1187 1144 1223 1688.
1181 1183 1319 1238 legans
1350 1183 1424 1225 suis
1455 1183 1657 1234 adiunxit,
1691 1184 1757 1236 qui
1791 1186 1832 1224 in

530 1247 769 1301 Selinginsca
804 1247 900 1287 vrbe
933 1248 981 1287 de
1012 1255 1111 1300 pace
1142 1241 1304 1301 agerent
1335 1261 1424 1289 cum
1445 1239 1597 1298 Ruffis‚
1632 1259 1731 1301 quae
1753 1260 1832 1302 pax

533 1323 638 1350 anno
669 1310 754 1362 post
780 1311 982 1349 conuenit.
1052 1308 1318 1351 Concinnauit
1352 1313 1458 1352 idem
1483 1323 1640 1361 quoque
1670 1311 1829 1351 lexicon

532 1373 822 1425 Mungalicum.
863 1376 945 1421 (6)
980 1372 1069 1412 Post
1107 1372 1174 1411 vbi
1207 1373 1255 1412 ad
1285 1371 1496 1412 Comitem
1521 1369 1716 1411 Bruceum
1752 1372 1830 1413 hoc

530 1449 666 1478 meum
700 1435 952 1488 alphabetum
989 1429 1197 1474 moseum
1233 1432 1510 1483 mififfe1n,²is
1544 1446 1617 1486 pro
1650 1433 1834 1486 singulari

532 1500 766 1541 liberalitate
795 1498 857 1538 sua
890 1509 1050 1538 mecum
1085 1490 1400 1538 commtiiiicutiit
1432 1496 1687 1551 alphabetum
1709 1498 1832 1538 Man-

531 1561 728 1620 gjuricum
761 1562 801 1601 in
834 1560 937 1603 Sinis
968 1561 1113 1601 maiori
1147 1560 1274 1602 forma
1320 1559 1550 1615 impressum
1576 1592 1587 1610 ,
1639 1559 1830 1615 adscripta

532 1626 859 1683 pronunciatione
888 1624 1052 1669 Russicis
1085 1625 1239 1665 litteris.
1310 1626 1462 1680 Accepi
1495 1624 1690 1685 eiusmodi
1727 1625 1834 1665 aliud

531 1689 811 1745 elegantissima
854 1703 973 1731 manu
1008 1689 1171 1742 Pequini
1214 1689 1398 1743 seriptum
1433 1699 1474 1730 et
1506 1687 1660 1731 Ruffice
1701 1689 1834 1743 expli-

532 1767 679 1797 catum.
746 1750 932 1807 Denique
967 1754 1096 1794 nastris
1130 1752 1211 1793 sum
1246 1755 1426 1794 libellum
1461 1753 1645 1793 omnium
1679 1761 1720 1792 et
1752 1753 1848 1793 vti-³

531 1819 716 1862 liffimum
751 1827 792 1858 et
823 1817 1031 1858 tutiffimae
1065 1817 1191 1869 fidei,
1225 1830 1343 1871 quem
1379 1817 1480 1859 Kam
1517 1816 1574 1857 Hi
1607 1808 1834 1869 Imperato'r'

530 1883 691 1939 Pequini
725 1883 871 1922 curauit
902 1883 1006 1936 typis
1038 1882 1375 1935 imprimendum,
1411 1880 1573 1922 adiec‘tis
1600 1879 1834 1920 char-asteri-

532 1950 602 1990 bus
636 1946 775 1989 Sinicis
795 1978 807 1999 ,
842 1946 908 2000 qui
942 1954 1137 2001 vtcunque
1170 1944 1307 1986 sonum
1328 1945 1663 2001 pronunciationis
1684 1943 1829 1995 Mang-

1681 2019 1830 2059 Jurv-:ie

539 2063 1828 2116 mmmm

532 2119 689 2152 Gerbilomi
715 2119 744 2145 in
768 2117 902 2147 Leibnitii
928 2116 1086 2146 Nouiffimis
1107 2117 1210 2148 Sinicis
1232 2117 1333 2149 editam
1357 2129 1384 2159 p.
1412 2128 1480 2157 171.
1533 2118 1578 2150 De
1603 2114 1746 2148 itineribus
1772 2114 1832 2142 ema

533 2163 622 2196 multa
644 2164 675 2192 'm
698 2167 782 2199 opere
805 2156 981 2191 Duhaldiano
1001 2160 1125 2200 reported.
