1932 2641
464 146 549 188 252
624 131 707 175 DE
738 120 1167 177 MVTILATIONE
1200 123 1594 172 BRACHIORVM

461 257 560 298 sibus
593 249 842 308 perspicuum
875 249 941 290 est.
1010 261 1053 299 4.
1122 243 1231 287 Inter
1264 243 1389 287 foetus
1407 247 1606 289 exteriora
1634 245 1756 288 inuo-

460 320 569 362 lucra
614 316 774 371 glutinis
824 313 982 369 expansi
1018 310 1265 353 iubstantiam
1298 307 1528 363 referentia,
1574 321 1614 352 et
1654 312 1763 352 inter

459 384 563 425 vteri
597 382 784 436 parietes:
823 379 1131 432 earumdemque
1171 374 1494 416 membranarum
1535 376 1759 431 duplicatu-

460 461 546 490 mm
560 480 571 500 ,
596 444 808 500 Lymphae
829 441 1065 497 gelatinofite
1086 439 1270 481 notabilis
1290 440 1405 493 copia
1425 439 1586 479 innatat.
1639 440 1757 481 Vnde

462 510 645 568 profesto
679 508 941 561 consequitur,
963 518 1032 560 per
1064 518 1155 547 eam
1188 505 1360 557 disiungi
1379 502 1533 544 foetum
1555 504 1603 544 ab
1626 513 1759 556 vtem,

461 590 511 618 ne
544 577 716 617 inuicem
750 570 991 625 coalescant,
1028 570 1202 624 dumque
1235 581 1281 610 ea
1313 569 1355 609 in
1388 567 1492 609 illius
1525 567 1761 610 alimentum

461 641 588 691 cedit,
624 638 728 680 haud
761 649 831 691 per
864 637 948 677 vias
980 634 1226 676 absconditas
1255 647 1300 675 ac
1333 630 1538 687 progressu
1570 634 1764 687 temporis

466 703 683 755 fabricatas,
717 701 781 742 seu
800 713 872 755 per
902 700 1054 742 canales
1086 713 1139 741 ex
1170 710 1287 740 vtero
1307 699 1356 739 ad
1376 697 1527 738 foetum
1547 698 1766 749 tendentes,

463 767 533 811 sed
568 781 590 809 e
623 776 775 818 contra,
809 778 882 820 per
914 766 1212 807 emanationem
1233 763 1298 804 seu
1332 763 1373 804 in
1406 763 1509 804 vteri
1530 775 1672 804 cauum
1692 773 1768 803 ex-

467 833 709 888 pulfionem,
744 831 919 872 eiusdem
951 830 1142 885 lymphae
1175 831 1251 870 iter
1284 825 1451 882 perfici?
1483 827 1637 882 Quibus
1656 826 1767 880 prin-

468 899 589 951 cipiis
623 897 828 951 postremo
844 928 861 949 ,‚
876 895 1054 936 obsoleta
1071 895 1186 935 notio
1217 894 1265 933 de
1292 893 1541 932 incremento
1572 887 1696 930 foetus
1725 889 1765 927 in

470 971 598 1012 vtem,
619 962 750 1000 lucem
770 959 938 998 fortuito
957 959 1121 999 affundit
1135 989 1146 1009 ‚
1179 970 1324 1010 nempe
1338 987 1348 1006 ,
1368 955 1472 1009 quod
1492 954 1656 993 nutritio
1668 962 1768 990 con-

472 1025 616 1064 tinuata
635 1022 856 1076 generatio,
878 1021 967 1061 hinc
988 1022 1094 1075 leges
1113 1022 1313 1073 Vtriusque
1335 1019 1404 1059 sint
1424 1012 1766 1054 communcham

469 1099 584 1137 vero,
621 1099 644 1126 a
676 1086 719 1125 vi
755 1084 1016 1124 foecundante
1046 1085 1244 1123 seminum
1286 1083 1328 1119 iu
1360 1087 1479 1119 vtero
1528 1076 1768 1129 effusorum,

473 1149 643 1204 hincque
677 1147 823 1202 partim
869 1147 974 1186 vteri
1011 1144 1207 1187 emissaria
1240 1144 1362 1197 iisque
1405 1140 1572 1182 inclusos
1612 1140 1776 1195 succos,>

474 1214 620 1268 partim
653 1211 764 1252 ouuli
796 1223 919 1263 poros
951 1209 1135 1251 subeunte
1149 1241 1169 1261 „
1211 1207 1495 1249 formationem
1524 1204 1649 1247 foetus
1677 1217 1771 1260 per-

475 1278 545 1319 sici
591 1287 742 1317 omnes»
786 1275 952 1313 statuunt
966 1290 981 1313 :z
1042 1274 1155 1327 Quae
1192 1282 1402 1324 propterea
1450 1271 1555 1310 ac‘tio
1602 1269 1780 1310 efficitur·

472 1340 580 1383 haud
600 1351 670 1394 per
711 1335 867 1377 tubulos
906 1336 1076 1377 inuicem
1096 1335 1469 1386 communicantes,
1495 1332 1559 1373 sed
1593 1343 1771 1373 tantum—-

475 1404 610 1448 modo*
640 1415 719 1456 per·
748 1400 853 1441 vteri
891 1412 935 1439 ac
976 1400 1068 1440 ouui
1089 1399 1294 1452 propriam
1319 1397 1633 1448 originalemque
1669 1396 1772 1437 stru-

477 1470 629 1510 &uram
649 1474 690 1505 et
707 1463 1006 1517 dispositionem
1022 1494 1041 1513 ,.
1068 1475 1165 1515 quae
1185 1473 1323 1514 aeque,
1352 1469 1396 1499 vt
1414 1459 1581 1500 aliarum
1601 1461 1780 1514 partium>

481 1541 637 1582 natura,v
651 1528 836 1569 constans.
849 1536 892 1567 et
907 1524 1148 1567 ininitiabilis
1168 1524 1293 1566 futura
1309 1557 1321 1577 ‚
1340 1534 1380 1564 et
1400 1525 1440 1564 in
1461 1524 1554 1576 fine,
1589 1537 1709 1578 aeque
1728 1536 1774 1566 ac

479 1594 676 1650 principio
694 1594 817 1643 vitae,
836 1591 914 1632 siue
933 1590 1216 1631 intermiffione
1236 1590 1290 1630 est
1309 1589 1575 1643 perduratura:
1596 1589 1663 1629 Οἳ)
1683 1602 1783 1630 eam.

483 1661 603 1714 igitur
623 1654 946 1708 caiiffan1,f0etus
964 1655 1009 1694 in
1024 1664 1139 1695 vtero
1160 1656 1451 1696 incrementum
1472 1666 1592 1706 aeque
1609 1666 1654 1694 ac
1672 1654 1787 1694 eius-⁴

480 1725 575 1777 dem
595 1718 1026 1776 generationem,‚11·.uld
1047 1732 1116 1773 per
1141 1720 1443 1760 tubulosvtero
1455 1728 1499 1757 et
1514 1716 1644 1757 foetui'
1659 1729 1778 1757 com-

483 1800 621 1830 munes
640 1799 684 1826 ac
704 1784 879 1825 inuicem
907 1783 1136 1836 copulatos,
1175 1784 1235 1823 led
1264 1796 1334 1836 per
1362 1781 1550 1823 materiae
1584 1794 1605 1821 e
1639 1782 1780 1822 sinibus

485 1863 526 1893 et
558 1850 699 1891 osculis
730 1848 833 1890 vteri
867 1849 907 1887 in
941 1849 1020 1888 eius
1052 1860 1192 1888 cauum
1214 1845 1379 1899 effusae,
1401 1847 1570 1899 hincque
1590 1858 1660 1899 per
1685 1846 1782 1886 ouui

485 1915 690 1970 pelliculas
722 1924 761 1954 et
793 1922 943 1952 meatus
959 1912 1184 1962 inuifibiles,
1218 1910 1429 1965 ductusque
1459 1910 1664 1964 placentae
1685 1924 1783 1963 pro—-

485 1981 592 2034 prios
625 1978 818 2031 resorptae
851 1976 954 2017 haud
988 1978 1248 2031 interruptum
1282 1986 1439 2017 motum
1473 1974 1638 2031 perfici,
1679 1974 1789 2016 sorte.

488 2045 618 2086 minus
648 2057 669 2084 a
702 2055 803 2084 vero
835 2041 889 2082 est
919 2041 1109 2083 alienum.

1659 2164 1691 2215 (Ξ-
1734 2179 1777 2218 3ν
