1932 2641
378 98 464 141 DE
502 94 794 142 CORDIBVS
834 94 1116 145 VILLOSIS.
1314 114 1398 156 275

98 222 217 264 {entis
257 228 370 274 atque
413 215 616 271 ichorosss,
650 219 716 273 qui
735 218 933 272 originem
953 219 1059 261 suam
1093 220 1175 264 sero
1209 232 1403 265 extraua-

101 287 183 327 fato
215 295 257 325 et
290 285 330 323 in
364 283 494 337 quiete
527 284 754 334 constituto,
789 283 838 323 ab
857 282 1118 326 ambientium
1153 297 1284 328 autem
1313 301 1406 343 par.

101 352 205 391 tium
240 349 371 390 calore
407 347 492 387 foto
525 357 729 403 acceptam
748 347 906 387 debent.
976 348 1158 390 Alterum
1181 363 1281 392 vero
1314 355 1406 393 col-

101 413 307 467 ligendum
342 411 394 452 est
426 413 571 465 partim
605 425 657 453 ex
690 410 933 453 consistentia
954 413 1201 467 polyporum
1234 415 1275 456 in
1311 429 1404 457 cor-

98 479 165 530 de,
199 479 343 531 partim
377 488 429 517 ex
461 477 581 518 crusta
615 477 924 517 inflammatoria
958 479 999 518 in
1037 478 1221 531 sanguine
1255 479 1407 534 pleuri-

101 543 288 594 ticorum,
325 541 572 596 aliorumque
607 540 776 581 febribus
807 541 1027 582 ardentibus
1060 542 1344 597 laborantium,
1366 546 1408 586 in

100 607 238 661 quibus
273 606 324 646 ob
354 605 590 646 exceffiuum
624 604 818 657 sanguinis
850 605 1000 647 aestum
1039 606 1119 647 iam
1155 620 1243 662 pars
1277 609 1405 663 aliqua

98 671 172 712 seri
205 671 253 711 ad
274 670 592 724 coagulationem
613 669 666 710 est
684 668 881 723 dispofita,
901 683 999 725 quae
1019 683 1123 713 mox
1153 671 1403 728 consequitur

99 735 168 776 vbi
203 736 380 790 primum
413 735 520 789 quies
552 734 759 776 accesserit.

218 865 252 914 §.
296 876 366 915 14.
404 862 510 906 Cum
547 865 668 919 igitur
701 865 740 906 in
774 866 1007 921 corporibus
1039 867 1133 920 istis,
1170 879 1269 922 quae
1312 867 1408 911 tales

105 927 297 980 lymphae
329 930 558 983 coagulatae
578 930 908 971 extrauasationes
927 932 1041 971 nobis
1075 932 1283 983 exhibent,
1317 940 1408 973 ante

103 999 282 1032 mortem
302 991 532 1046 plerumque
551 994 745 1035 adfuerint
765 994 959 1048 sequentia
979 992 1278 1047 phaenomena:
1310 1007 1406 1036 mo*

104 1064 166 1095 tus
184 1054 311 1094 cordis
343 1054 678 1107 vehementiores,
709 1058 941 1108 anxietates,
971 1057 1171 1108 febricula,
1201 1058 1406 1112 respiratio

103 1117 293 1169 difficilis,
328 1117 468 1171 pulmo
500 1117 640 1158 laesus;
685 1118 848 1172 sequitur
870 1119 1101 1169 necessario,
1136 1120 1260 1160 etiam
1293 1123 1408 1162 calo-

104 1195 191 1225 rem
223 1181 414 1234 sanguinis
457 1181 555 1222 vltra
590 1182 758 1222 modum
792 1184 925 1236 augeri
958 1179 1146 1222 debuiffe.
1214 1184 1271 1225 At
1310 1196 1408 1227 vero

102 1244 237 1286 austus
267 1246 375 1285 calor
408 1244 479 1285 seri
512 1254 640 1298 partes
657 1245 830 1298 aquosas,
851 1247 1053 1284 tenuiores
1089 1246 1257 1299 diffipat,
1277 1248 1408 1289 fluidi-

100 1316 224 1348 tatem
261 1308 341 1346 eius
360 1308 517 1357 minuit,
538 1307 848 1358 glutinofitatem
867 1314 999 1359 auget,
1020 1306 1194 1362 illudque
1227 1310 1276 1350 ad
1311 1323 1409 1353 coa-

100 1372 346 1426 gul-ationem
365 1371 554 1424 disponit,
576 1370 914 1424 quemadmodum
937 1365 973 1413 §.
1004 1385 1075 1421 13.
1112 1373 1407 1416 demonstraui-

101 1449 206 1477 mus.
271 1435 394 1477 Ratio
431 1435 548 1487 igitur
579 1433 772 1475 sufficiens
805 1443 927 1488 patet,
961 1448 1079 1488 quare
1115 1436 1156 1475 in
1186 1437 1407 1482 istiusmodi

101 1500 276 1556 pectoris
310 1498 514 1540 affectibus
549 1497 677 1540 serum
717 1497 941 1552 expressum
974 1508 1015 1539 et
1046 1497 1204 1540 esudans
1238 1502 1280 1543 in
1312 1503 1407 1557 spis-

102 1565 249 1606 fiorem
282 1563 569 1605 consistentiam
603 1562 821 1603 reducatur.
889 1561 936 1602 In
964 1563 1148 1604 cordibus
1167 1574 1302 1607 autem
1336 1566 1402 1611 sub

102 1628 294 1669 villorum
325 1627 387 1668 seu
423 1627 661 1668 lacertorum
681 1625 904 1667 craffiorum
923 1625 1048 1681 specie
1080 1638 1258 1682 apparet,
1277 1643 1405 1686 prop-

103 1701 227 1744 terea,
263 1692 353 1746 quia
386 1701 517 1732 motus
552 1692 682 1732 cordis
702 1691 978 1732 tumultuosior
999 1691 1053 1732 est
1074 1701 1115 1732 et
1127 1694 1252 1747 magis
1281 1708 1404 1749 vaga-

104 1756 266 1809 bundus,
301 1756 405 1797 vnde
428 1755 555 1796 serum
590 1755 810 1809 augmentis
830 1757 956 1809 magis
977 1756 1251 1810 irregularibus
1270 1772 1404 1802 accre-

103 1818 191 1872 scit,
224 1833 342 1874 quam
362 1821 403 1861 in
422 1819 691 1874 pulmonibus,
714 1832 809 1874 quae
845 1821 947 1861 inter
971 1819 1238 1878 respirandum
1258 1836 1404 1881 aequa·-
1425 1848 1427 1850 ·

105 1884 219 1926 bilius
251 1885 497 1941 explicantur
529 1893 644 1938 atque
677 1883 971 1928 contrahuntur.

682 2121 787 2166 Mm
824 2136 848 2164 2
1311 2123 1397 2169 DE
