1932 2641
481 84 571 132 306
691 78 930 124 AORTAE
960 79 1036 121 ET
1067 79 1282 124 SPINAE
1314 84 1600 128 DORSALIS

473 199 533 240 &a
554 198 766 251 ligamenta
780 230 792 250 ‚
827 198 867 238 in
889 197 1063 252 praefato
1085 196 1257 238 subiecto
1272 230 1283 250 ,
1302 202 1348 242 ad
1370 202 1498 256 spinae
1518 203 1657 247 Offillm
1677 219 1772 260 par-

473 260 679 302 ticularem
699 263 1018 303 connexionem:
1055 261 1245 316 Nempe,
1278 262 1343 303 sub
1363 266 1465 316 pelle
1496 270 1528 317 ξ.
1559 284 1600 320 4.
1625 271 1771 311 deseri*

472 334 563 379 pta,
600 326 648 366 ad
681 327 883 368 vertebrae
920 327 1091 367 anticam
1125 325 1329 367 lateralem
1376 328 1676 386 inferioremque
1711 334 1772 374 frt-

471 390 601 441 ciem‚
636 391 817 445 vtrinque
849 391 1113 445 ligamentum
1147 389 1357 442 enascitur,
1392 405 1412 430 a
1446 405 1524 444 quo
1559 397 1596 434 iu
1630 400 1772 450 proxi-

471 466 563 494 mae
599 455 806 495 vertebrae
851 455 1074 506 marginem
1118 453 1284 507 obliquo
1330 453 1470 495 inccffu
1515 461 1769 514 terminatur,

473 516 566 558 hinc
600 531 671 572 per
703 518 918 572 praefatum
954 518 1163 569 geminum
1198 518 1454 571 ligamentum
1484 533 1653 574 corpora
1680 537 1773 566 ver-

474 580 672 624 tebrarum
705 582 807 623 inter
839 580 914 622 sese
948 579 1068 623 firmo
1101 593 1207 622 nexu
1240 581 1324 623 sunt
1356 596 1549 625 connexa.

592 707 813 752 Disiuncstis
843 723 865 752 a
899 711 936 752 se
969 712 1143 754 inuicem
1177 711 1359 766 praefatis
1401 714 1633 767 corporibus
1677 729 1773 756 ver-

473 773 700 827 tebrarum,
734 785 774 816 et
806 775 932 816 oculis
964 777 1005 816 in
1038 777 1140 818 basin
1174 776 1403 818 inferiorem
1441 780 1541 818 acuti
1575 780 1775 833 processus

471 839 686 890 conuersiS,
726 839 807 880 duo
841 840 985 881 iterum
1019 841 1232 894 ligamenta
1266 850 1425 894 patent,
1460 855 1554 896 quae
1588 843 1628 882 in
1663 857 1713 883 eo
1749 857 1771 884 a

471 903 632 942 caeteris
664 903 890 956 ligamentis
923 905 1079 946 differre
1113 904 1192 945 viiii
1226 904 1332 956 sunt,
1375 907 1480 959 quod
1524 919 1603 945 non
1646 906 1771 946 solum

472 965 609 1005 colore
629 965 737 1005 luteo
760 967 926 1018 infesta,
960 982 1100 1009 verum
1121 970 1242 1009 etiam
1263 969 1416 1009 maiore
1443 968 1635 1008 soliditate
1657 981 1772 1021 prae-

472 1029 579 1080 dita,
613 1029 703 1070 hinc
737 1031 867 1071 minus
900 1031 1050 1073 elastica
1084 1031 1249 1073 sensibus
1268 1040 1479 1085 appareant
1506 1044 1517 1083 3
1569 1031 1772 1072 Praeterea

471 1104 614 1132 eorum
647 1101 827 1133 extrema
861 1095 998 1134 duritie
1025 1096 1166 1135 offium
1199 1105 1309 1133 erant
1342 1093 1516 1135 aemula:
1552 1094 1648 1136 Inde
1682 1096 1770 1136 bre—

473 1156 511 1195 ui
547 1167 673 1209 eoque
706 1156 871 1210 obliquo
911 1157 1081 1210 incessu,
1127 1158 1174 1198 ad
1218 1158 1389 1198 radicem
1431 1168 1471 1198 et
1514 1159 1615 1199 basin
1659 1159 1771 1214 supe-

471 1220 619 1260 riorem
657 1221 760 1260 acuti
795 1218 990 1274 processus
1024 1222 1284 1274 insequentis,
1319 1222 1444 1262 altero
1482 1234 1668 1264 extremo
1690 1223 1773 1264 sunt

472 1282 651 1333 alligata:
685 1283 819 1338 Quam
854 1285 1006 1323 tametsi
1026 1285 1302 1325 validissimam
1322 1287 1643 1325 coniunctionem
1673 1300 1771 1338 pro-

471 1343 642 1386 cessuum
678 1356 914 1396 acutorum,
954 1346 1032 1387 duo
1076 1347 1151 1387 alia
1197 1346 1411 1399 ligamenta
1458 1349 1584 1388 minus
1625 1350 1770 1399 crassa,

470 1408 530 1448 sed
567 1410 694 1462 magis
726 1409 877 1449 elastica
912 1410 1140 1462 perficiunt,
1177 1423 1274 1461 quae
1315 1411 1470 1449 ratione
1513 1411 1597 1450 situs
1638 1418 1771 1452 trans-

471 1468 634 1527 uetsalia
663 1473 811 1512 merito
844 1473 1033 1526 appellari
1070 1473 1248 1526 possunt:
1317 1473 1517 1513 Extremo
1559 1475 1667 1515 enim
1712 1475 1770 1515 al-

471 1548 560 1578 tero
594 1536 633 1575 in
670 1535 771 1575 latus
801 1536 999 1590 processus
1031 1538 1133 1579 acuti
1166 1536 1349 1590 vtrinque
1381 1537 1637 1590 implantata,
1671 1539 1772 1579 alte·-

471 1615 521 1643 ro
556 1600 799 1641 transuerfim
834 1600 1065 1654 insequentis
1099 1601 1305 1641 vertebrae
1337 1601 1454 1641 dorso
1489 1600 1570 1642 sunt
1619 1614 1770 1642 coune-

470 1678 544 1707 xa:
582 1665 714 1720 Quare
748 1676 840 1704 eum
875 1665 915 1704 in
948 1664 1069 1706 finem
1104 1678 1147 1704 ea
1182 1664 1245 1704 hic
1279 1665 1352 1705 effe
1396 1665 1540 1718 posita,
1582 1678 1631 1706 ne
1674 1679 1771 1719 pro·

472 1730 642 1770 cesso-„im
677 1739 880 1770 acutorum
914 1730 1164 1780 articulatio,
1197 1729 1307 1768 facile
1341 1729 1534 1769 luxationi
1571 1728 1662 1769 effct
1696 1730 1771 1769 ob-

474 1794 623 1843 noxia,
659 1791 760 1832 haud
797 1793 1002 1832 immerito
1037 1792 1213 1845 suspicor.
1281 1790 1348 1832 De
1381 1805 1452 1845 qua
1473 1791 1649 1845 profesto
1672 1806 1769 1847 pro-

474 1858 641 1899 cessuum
663 1866 867 1896 acutorum
890 1857 1162 1897 articul-atione
1182 1856 1387 1896 obseruare
1408 1856 1471 1896 hic
1490 1861 1668 1910 op‘ortet,
1690 1857 1768 1897 sin—

476 1923 592 1976 gulos
624 1917 823 1973 processus
855 1931 964 1974 parte
997 1921 1051 1961 sui
1086 1920 1281 1973 superiore
1316 1920 1591 1974 complanatos
1609 1931 1647 1960 et
1669 1933 1766 1960 con-

476 1998 623 2036 nexos,
679 1982 863 2024 inferiore
915 1995 1046 2025 autem
1082 1985 1250 2024 sinuatos
1292 1982 1394 2033 effe,
1451 1997 1531 2037 quo
1572 1984 1764 2033 efficitur,

475 2059 523 2092 *it
552 2061 641 2105 pars
670 2048 783 2102 gibba
816 2058 856 2088 ct
887 2048 1028 2090 sinuata
1048 2049 1222 2090 eiusdem
1242 2047 1463 2104 processus,
1495 2049 1589 2090 linui
1618 2058 1657 2087 et
1675 2048 1765 2100 gil,-

1693 2111 1767 2152 bae
