1932 2641
505 136 595 177 282
716 129 798 172 DE
830 126 1274 172 CIRCVLATIONE
1304 127 1639 173 SANGVINIS.

493 251 606 310 plena
638 249 748 290 enim
781 248 917 289 omnia
949 246 1033 288 sunt
1065 255 1105 286 et
1138 246 1449 300 impenetrabilia
1483 244 1546 300 ((5.
1577 254 1621 289 6.
1666 253 1782 301 ιο.)ο

498 315 609 357 Cum
642 327 742 355 vero
774 313 847 354 hac
878 314 974 353 noui
1007 310 1224 352 voluminis
1256 308 1454 351 additione
1472 315 1665 366 quantitas
1684 315 1786 356 mas-

498 379 559 422 fae
595 379 827 432 sanguineae
860 378 969 432 prior
1000 376 1040 416 in
1073 376 1228 416 arteriis
1261 383 1470 426 augeatur,
1510 386 1554 416 vt
1588 381 1628 418 in
1665 380 1791 420 eodem

492 440 621 501 spatio
655 443 850 484 contineri
882 453 964 481 non
997 439 1136 494 poffit:
1179 438 1273 480 haec
1314 437 1394 491 ipsa
1437 439 1478 479 in
1522 439 1615 482 alios
1634 439 1789 499 secaeffus

503 509 706 550 deturbata
739 515 1018 561 promouetur.
1088 503 1194 543 Loca
1213 510 1347 544 autem
1361 535 1374 556 ,
1394 503 1436 542 in
1457 515 1554 556 quae
1573 514 1684 546 vetus
1701 507 1789 548 san⁴

503 573 591 628 guis
630 571 816 621 abitum,
857 580 939 608 non
979 567 1048 608 nisi
1081 567 1150 608 duo
1190 567 1269 608 ess‘e
1317 566 1491 621 poss'unt.
1560 573 1643 610 Aut
1681 572 1790 612 enim

505 645 670 690 oportet
686 666 697 685 ,
733 643 774 674 vt
795 631 879 673 vasa
898 635 1075 674 maiorem
1092 634 1342 687 capacitatem
1360 631 1646 687 nanciscantur3
1682 643 1796 687 atque

503 699 558 741 ita
591 698 659 739 ille
692 700 796 739 intra
827 697 989 738 arterias
1031 695 1238 738 adhucdum
1276 696 1533 737 detinebitur:
1568 703 1634 737 aut
1671 698 1795 751 posita

503 763 716 817 capacitate
745 760 905 817 pristina
936 773 1004 802 non
1039 760 1228 816 ampliata
1261 761 1453 815 quantitas
1483 759 1677 814 sanguinis
1695 763 1794 803 intra

500 827 659 868 arterias
694 826 807 868 denuo
837 828 948 868 minui
981 839 1026 867 ac
1067 825 1206 880 portio
1239 824 1430 878 quaedam
1464 821 1636 879 alioisfitm
1680 835 1793 866 extra

501 890 588 932 illas
620 889 736 933 dilabi
769 890 895 931 debet.
962 890 1176 944 Vtramque
1206 898 1339 929 autem
1370 890 1477 929 viam
1508 901 1528 928 a
1549 897 1682 928 natura
1712 887 1792 941 ipsa

503 954 704 1004 adhiberi,
741 964 782 994 et
813 955 854 993 in
886 953 1090 995 fiibsidium
1123 953 1260 996 vocari
1291 954 1523 1007 experientia
1564 961 1604 992 et
1642 953 1789 992 ratione

504 1016 757 1072 liquidissime
788 1016 994 1059 euincitur.

623 1082 657 1129 ξ.
708 1083 778 1118 18.
824 1079 956 1119 Locus
996 1082 1118 1132 igitur
1157 1080 1258 1120 alter
1296 1073 1352 1125 (5.
1390 1077 1481 1128 17.)
1522 1088 1603 1129 quo
1643 1075 1794 1129 sanguis

504 1152 620 1184 vetus
652 1143 702 1182 ab
733 1141 958 1195 appellente
988 1154 1098 1182 nouo
1130 1140 1387 1194 protruditur,
1408 1139 1489 1181 sunt
1506 1141 1674 1182 arteriae
1695 1140 1796 1194 ipsae

507 1206 697 1249 dilatatae
729 1217 780 1245 eo
815 1217 954 1260 vsque,
986 1205 1082 1245 dum
1115 1205 1289 1259 proiecta
1323 1206 1457 1258 portio
1473 1200 1640 1260 spatium
1655 1201 1796 1259 suffici-

508 1282 572 1312 ens
603 1270 714 1310 nasta
747 1268 875 1308 suerit.
941 1267 1129 1308 Solemus
1168 1268 1269 1310 hanc
1301 1268 1576 1310 dilatationem
1622 1271 1798 1322 quadan-

508 1344 621 1375 tenus
652 1331 758 1372 tastu
790 1343 834 1371 ac
868 1329 949 1370 visu
982 1329 1235 1383 dignoscere,
1267 1344 1311 1370 ac
1344 1331 1469 1384 pulsus
1504 1331 1668 1371 nomine
1709 1332 1798 1385 ple-

510 1407 675 1450 rumque
707 1394 930 1448 indigitare.
997 1392 1161 1435 Docent
1207 1393 1494 1434 obseruationes
1534 1393 1799 1445 Harueianae,

508 1457 792 1503 contraaionem
822 1457 953 1498 cordis
997 1466 1039 1497 et
1076 1465 1212 1497 aortae
1252 1456 1507 1498 dilatationem
1547 1455 1634 1497 fieri
1674 1457 1799 1498 eodem

509 1532 745 1568 momento:
780 1521 937 1575 quando
969 1528 1103 1562 autem
1136 1519 1286 1573 sanguis
1314 1527 1428 1562 extra
1459 1520 1620 1562 arterias
1653 1519 1689 1561 se
1702 1529 1798 1576 pro-

508 1590 654 1644 ripiat·,
689 1587 729 1627 id
761 1586 923 1640 quidem
955 1585 1243 1641 experimentis
1275 1598 1357 1627 non
1389 1597 1511 1641 aeque
1543 1584 1661 1641 plane
1694 1597 1799 1626 con-⁴

511 1653 600 1696 stat.

629 1716 664 1766 §-
709 1727 778 1766 19.
815 1714 921 1756 Haec
957 1714 1187 1755 arteriarum
1213 1712 1394 1755 dilatatio
1422 1713 1470 1763 (§.
1499 1715 1617 1766 18.)‚
1646 1711 1803 1766 fiingui‹

512 1782 573 1823 nis
607 1780 718 1820 aucta
752 1777 891 1833 preffio
925 1779 966 1818 in
1000 1779 1154 1819 illarum
1188 1777 1325 1829 latera,
1347 1771 1590 1818 valuularurri
1610 1777 1798 1830 eleuatio,

512 1844 709 1898 dependet
729 1844 776 1884 ab
798 1845 932 1898 impetu
964 1841 1154 1896 sanguinis
1188 1843 1247 1892 (§.
1276 1846 1332 1881 16
1339 1845 1406 1895 .)·,
1454 1840 1632 1896 Impetus
1668 1853 1798 1882 autem

511 1908 626 1949 huius
658 1908 706 1948 ab
741 1907 883 1948 achone
913 1907 1035 1948 cordis
1070 1906 1117 1955 (ξ.
1148 1909 1251 1953 ις.).
1318 1906 1414 1963 Quo
1449 1906 1571 1946 maior
1604 1905 1723 1958 igitur
1740 1906 1795 1945 est

514 1974 608 2013 haec
642 1972 754 2022 aelio,
787 1984 837 2011 eo
858 1975 978 2012 maior
996 1973 1117 2012 eti-„im
1138 1970 1191 2010 est
1210 1973 1390 2026 impetu53
1427 1969 1519 2010 hinc
1547 1970 1661 2011 latior
1678 1981 1795 2023 aper-

513 2047 596 2076 tura
631 2037 730 2076 intra
768 2035 1008 2076 valuularum
1043 2037 1185 2083 rimas,
1223 2045 1262 2073 et
1295 2034 1368 2075 hae
1409 2033 1510 2088 ipsae
1556 2033 1714 2090 propius
1746 2032 1796 2072 ad

513 2109 647 2142 aortae
678 2100 800 2142 latera
819 2101 1105 2154 appi-imuntur.
1178 2096 1284 2140 Cum
1318 2112 1416 2142 vero
1449 2099 1556 2140 actio
1588 2096 1716 2138 cordis
1747 2096 1795 2136 fit

1658 2168 1802 2216 tempo*
