<?xml version="1.0" encoding="UTF-8"?>
<!DOCTYPE html PUBLIC "-//W3C//DTD XHTML 1.0 Transitional//EN"
    "http://www.w3.org/TR/xhtml1/DTD/xhtml1-transitional.dtd">
<html xmlns="http://www.w3.org/1999/xhtml" xml:lang="en" lang="en">
 <head>
  <title>
</title>
<meta http-equiv="Content-Type" content="text/html;charset=utf-8" />
  <meta name='ocr-system' content='tesseract 3.04.00' />
  <meta name='ocr-capabilities' content='ocr_page ocr_carea ocr_par ocr_line ocrx_word'/>
</head>
<body>
  <div class='ocr_page' id='page_1' title='image "./commentariiacade06impe_0325.png"; bbox 0 0 1932 2641; ppageno 0'>
   <div class='ocr_carea' id='block_1_1' title="bbox 295 78 1434 140">
    <p class='ocr_par' dir='ltr' id='par_1_1' title="bbox 295 78 1434 140">
     <span class='ocr_line' id='line_1_1' title="bbox 295 78 1434 140; baseline 0.002 -14"><span class='ocrx_word' id='word_1_1' title='bbox 295 82 377 126; x_wconf 90' lang='lat' dir='ltr'>DE</span> <span class='ocrx_word' id='word_1_2' title='bbox 409 78 853 127; x_wconf 85' lang='lat' dir='ltr'><strong><em>CIRCVLATIONE</em></strong></span> <span class='ocrx_word' id='word_1_3' title='bbox 887 80 1225 127; x_wconf 88' lang='lat' dir='ltr'><em>SANGVINIS.</em></span> <span class='ocrx_word' id='word_1_4' title='bbox 1349 91 1434 140; x_wconf 78' lang='lat'>283</span> 
     </span>
    </p>
   </div>
   <div class='ocr_carea' id='block_1_2' title="bbox 118 197 1443 2180">
    <p class='ocr_par' dir='ltr' id='par_1_2' title="bbox 125 197 1443 391">
     <span class='ocr_line' id='line_1_2' title="bbox 140 197 1443 260; baseline 0.003 -16"><span class='ocrx_word' id='word_1_5' title='bbox 140 210 403 259; x_wconf 77' lang='lat' dir='ltr'>temporanea:</span> <span class='ocrx_word' id='word_1_6' title='bbox 436 197 675 253; x_wconf 68' lang='lat' dir='ltr'>necessario,</span> <span class='ocrx_word' id='word_1_7' title='bbox 707 199 888 241; x_wconf 77' lang='lat' dir='ltr'>ceffitura</span> <span class='ocrx_word' id='word_1_8' title='bbox 908 199 1056 257; x_wconf 71' lang='lat' dir='ltr'><em>caussa,</em></span> <span class='ocrx_word' id='word_1_9' title='bbox 1092 202 1265 257; x_wconf 87' lang='lat' dir='ltr'>impetus</span> <span class='ocrx_word' id='word_1_10' title='bbox 1284 203 1443 260; x_wconf 80' lang='lat' dir='ltr'>sangui·</span> 
     </span>
     <span class='ocr_line' id='line_1_3' title="bbox 140 263 1440 327; baseline 0.001 -17"><span class='ocrx_word' id='word_1_11' title='bbox 140 269 200 310; x_wconf 86' lang='lat' dir='ltr'>nis</span> <span class='ocrx_word' id='word_1_12' title='bbox 233 279 388 322; x_wconf 84' lang='lat' dir='ltr'>quoque</span> <span class='ocrx_word' id='word_1_13' title='bbox 421 275 460 305; x_wconf 87' lang='lat' dir='ltr'>et</span> <span class='ocrx_word' id='word_1_14' title='bbox 493 266 629 306; x_wconf 85' lang='lat' dir='ltr'>omnia</span> <span class='ocrx_word' id='word_1_15' title='bbox 649 266 799 320; x_wconf 82' lang='lat' dir='ltr'>reliqua</span> <span class='ocrx_word' id='word_1_16' title='bbox 818 263 1120 319; x_wconf 79' lang='lat' dir='ltr'>phaenomena,</span> <span class='ocrx_word' id='word_1_17' title='bbox 1155 277 1358 324; x_wconf 83' lang='lat' dir='ltr'><strong>tamquam</strong></span> <span class='ocrx_word' id='word_1_18' title='bbox 1380 269 1440 327; x_wconf 74' lang='lat' dir='ltr'>ef-</span> 
     </span>
     <span class='ocr_line' id='line_1_4' title="bbox 125 328 1186 391; baseline -0.007 -17"><span class='ocrx_word' id='word_1_19' title='bbox 125 332 279 391; x_wconf 58' lang='lat' dir='ltr'><em>fedus,</em></span> <span class='ocrx_word' id='word_1_20' title='bbox 316 331 527 385; x_wconf 80' lang='lat' dir='ltr'>aliquando</span> <span class='ocrx_word' id='word_1_21' title='bbox 563 330 676 371; x_wconf 85' lang='lat' dir='ltr'>fimul</span> <span class='ocrx_word' id='word_1_22' title='bbox 707 328 914 370; x_wconf 74' lang='lat' dir='ltr'>cessabunt,</span> <span class='ocrx_word' id='word_1_23' title='bbox 1184 359 1186 361; x_wconf 44' lang='lat'>&gt;</span> 
     </span>
    </p>

    <p class='ocr_par' dir='ltr' id='par_1_3' title="bbox 126 393 1439 963">
     <span class='ocr_line' id='line_1_5' title="bbox 257 393 1439 449; baseline 0.005 -15"><span class='ocrx_word' id='word_1_24' title='bbox 257 398 291 446; x_wconf 70' lang='grc' dir='ltr'>ς.</span> <span class='ocrx_word' id='word_1_25' title='bbox 332 408 403 435; x_wconf 86' lang='lat'>20.</span> <span class='ocrx_word' id='word_1_26' title='bbox 440 395 566 447; x_wconf 88' lang='lat' dir='ltr'>Finge</span> <span class='ocrx_word' id='word_1_27' title='bbox 598 395 678 435; x_wconf 87' lang='lat' dir='ltr'>iam</span> <span class='ocrx_word' id='word_1_28' title='bbox 699 393 899 435; x_wconf 66' lang='lat' dir='ltr'>astionem</span> <span class='ocrx_word' id='word_1_29' title='bbox 919 393 1048 433; x_wconf 88' lang='lat' dir='ltr'>cord1s</span> <span class='ocrx_word' id='word_1_30' title='bbox 1051 395 1240 449; x_wconf 78' lang='lat' dir='ltr'><em>finztam</em></span> <span class='ocrx_word' id='word_1_31' title='bbox 1276 407 1318 438; x_wconf 85' lang='lat' dir='ltr'>et</span> <span class='ocrx_word' id='word_1_32' title='bbox 1335 411 1439 441; x_wconf 83' lang='lat' dir='ltr'>ven-</span> 
     </span>
     <span class='ocr_line' id='line_1_6' title="bbox 139 458 1438 514; baseline 0.002 -13"><span class='ocrx_word' id='word_1_33' title='bbox 139 460 324 502; x_wconf 86' lang='lat' dir='ltr'>triculum</span> <span class='ocrx_word' id='word_1_34' title='bbox 356 459 552 501; x_wconf 86' lang='lat' dir='ltr'>finistrum</span> <span class='ocrx_word' id='word_1_35' title='bbox 585 460 738 514; x_wconf 89' lang='lat' dir='ltr'>penitus</span> <span class='ocrx_word' id='word_1_36' title='bbox 770 458 975 512; x_wconf 82' lang='lat' dir='ltr'>depletum</span> <span class='ocrx_word' id='word_1_37' title='bbox 1011 459 1110 500; x_wconf 82' lang='lat' dir='ltr'>effe:</span> <span class='ocrx_word' id='word_1_38' title='bbox 1147 460 1256 512; x_wconf 89' lang='lat' dir='ltr'>dico,</span> <span class='ocrx_word' id='word_1_39' title='bbox 1292 462 1438 504; x_wconf 83' lang='lat' dir='ltr'>valuu-</span> 
     </span>
     <span class='ocr_line' id='line_1_7' title="bbox 133 521 1437 579; baseline 0.003 -14"><span class='ocrx_word' id='word_1_40' title='bbox 133 523 191 566; x_wconf 71' lang='lat' dir='ltr'>las</span> <span class='ocrx_word' id='word_1_41' title='bbox 222 521 474 579; x_wconf 82' lang='lat' dir='ltr'>retropreffas</span> <span class='ocrx_word' id='word_1_42' title='bbox 509 525 568 574; x_wconf 86' lang='lat'>(§.</span> <span class='ocrx_word' id='word_1_43' title='bbox 587 526 689 576; x_wconf 86' lang='lat'>16.)</span> <span class='ocrx_word' id='word_1_44' title='bbox 721 524 867 564; x_wconf 86' lang='lat' dir='ltr'>iterum</span> <span class='ocrx_word' id='word_1_45' title='bbox 887 521 1058 575; x_wconf 86' lang='lat' dir='ltr'>collabi,</span> <span class='ocrx_word' id='word_1_46' title='bbox 1090 532 1132 564; x_wconf 86' lang='lat' dir='ltr'>et</span> <span class='ocrx_word' id='word_1_47' title='bbox 1158 528 1437 569; x_wconf 87' lang='lat' dir='ltr'><em>communionem</em></span> 
     </span>
     <span class='ocr_line' id='line_1_8' title="bbox 132 587 1434 633; baseline 0.003 -4"><span class='ocrx_word' id='word_1_48' title='bbox 132 589 237 630; x_wconf 82' lang='lat' dir='ltr'>inter</span> <span class='ocrx_word' id='word_1_49' title='bbox 269 599 421 630; x_wconf 85' lang='lat' dir='ltr'>aortam</span> <span class='ocrx_word' id='word_1_50' title='bbox 454 601 498 629; x_wconf 87' lang='lat' dir='ltr'>ac</span> <span class='ocrx_word' id='word_1_51' title='bbox 534 587 795 629; x_wconf 77' lang='lat' dir='ltr'>ventriculum</span> <span class='ocrx_word' id='word_1_52' title='bbox 828 587 959 628; x_wconf 87' lang='lat' dir='ltr'>cordis</span> <span class='ocrx_word' id='word_1_53' title='bbox 990 587 1121 629; x_wconf 88' lang='lat' dir='ltr'>denuo</span> <span class='ocrx_word' id='word_1_54' title='bbox 1153 588 1231 631; x_wconf 82' lang='lat' dir='ltr'><em>tolli</em></span> <span class='ocrx_word' id='word_1_55' title='bbox 1266 591 1434 633; x_wconf 83' lang='lat' dir='ltr'><strong>debere.</strong></span> 
     </span>
     <span class='ocr_line' id='line_1_9' title="bbox 131 649 1435 707; baseline 0.002 -13"><span class='ocrx_word' id='word_1_56' title='bbox 131 649 180 694; x_wconf 92' lang='lat' dir='ltr'>Id</span> <span class='ocrx_word' id='word_1_57' title='bbox 213 655 323 694; x_wconf 87' lang='lat' dir='ltr'>enim</span> <span class='ocrx_word' id='word_1_58' title='bbox 355 653 427 694; x_wconf 78' lang='lat' dir='ltr'>nifi</span> <span class='ocrx_word' id='word_1_59' title='bbox 465 652 601 705; x_wconf 80' lang='lat' dir='ltr'>fieret,</span> <span class='ocrx_word' id='word_1_60' title='bbox 635 651 735 693; x_wconf 88' lang='lat' dir='ltr'><em>nulla</em></span> <span class='ocrx_word' id='word_1_61' title='bbox 768 651 863 692; x_wconf 86' lang='lat' dir='ltr'>effet</span> <span class='ocrx_word' id='word_1_62' title='bbox 904 653 1030 704; x_wconf 77' lang='lat' dir='ltr'><em>ratio,</em></span> <span class='ocrx_word' id='word_1_63' title='bbox 1083 663 1208 707; x_wconf 78' lang='lat' dir='ltr'>quare</span> <span class='ocrx_word' id='word_1_64' title='bbox 1244 655 1435 697; x_wconf 78' lang='lat' dir='ltr'>columna</span> 
     </span>
     <span class='ocr_line' id='line_1_10' title="bbox 129 708 1438 774; baseline 0.004 -18"><span class='ocrx_word' id='word_1_65' title='bbox 129 717 173 757; x_wconf 85' lang='lat' dir='ltr'>in</span> <span class='ocrx_word' id='word_1_66' title='bbox 206 728 318 759; x_wconf 80' lang='lat' dir='ltr'>aorta</span> <span class='ocrx_word' id='word_1_67' title='bbox 350 716 457 771; x_wconf 81' lang='lat' dir='ltr'>supra</span> <span class='ocrx_word' id='word_1_68' title='bbox 494 708 666 758; x_wconf 78' lang='lat' dir='ltr'>valuul&#39;as</span> <span class='ocrx_word' id='word_1_69' title='bbox 698 716 922 768; x_wconf 86' lang='lat' dir='ltr'>constituta,</span> <span class='ocrx_word' id='word_1_70' title='bbox 960 728 1028 757; x_wconf 88' lang='lat' dir='ltr'>non</span> <span class='ocrx_word' id='word_1_71' title='bbox 1059 717 1206 759; x_wconf 88' lang='lat' dir='ltr'>iterum</span> <span class='ocrx_word' id='word_1_72' title='bbox 1239 716 1438 774; x_wconf 52' lang='lat' dir='ltr'>descende-2</span> 
     </span>
     <span class='ocr_line' id='line_1_11' title="bbox 128 780 1432 838; baseline 0.003 -17"><span class='ocrx_word' id='word_1_73' title='bbox 128 787 214 834; x_wconf 87' lang='lat' dir='ltr'><em>ret,</em></span> <span class='ocrx_word' id='word_1_74' title='bbox 251 790 292 821; x_wconf 88' lang='lat' dir='ltr'>et</span> <span class='ocrx_word' id='word_1_75' title='bbox 324 780 491 834; x_wconf 72' lang='lat' dir='ltr'>spatium</span> <span class='ocrx_word' id='word_1_76' title='bbox 525 781 731 835; x_wconf 85' lang='lat' dir='ltr'>pristinum</span> <span class='ocrx_word' id='word_1_77' title='bbox 765 791 993 822; x_wconf 82' lang='lat' dir='ltr'>euacuatum</span> <span class='ocrx_word' id='word_1_78' title='bbox 1036 791 1274 837; x_wconf 82' lang='lat' dir='ltr'>occuparet,</span> <span class='ocrx_word' id='word_1_79' title='bbox 1316 795 1432 838; x_wconf 81' lang='lat' dir='ltr'>atque</span> 
     </span>
     <span class='ocr_line' id='line_1_12' title="bbox 126 844 1431 901; baseline 0.005 -17"><span class='ocrx_word' id='word_1_80' title='bbox 126 845 181 885; x_wconf 81' lang='lat' dir='ltr'>ita</span> <span class='ocrx_word' id='word_1_81' title='bbox 214 844 406 886; x_wconf 77' lang='lat' dir='ltr'><em>circulatio</em></span> <span class='ocrx_word' id='word_1_82' title='bbox 443 844 636 899; x_wconf 84' lang='lat' dir='ltr'>suppofita</span> <span class='ocrx_word' id='word_1_83' title='bbox 656 845 774 899; x_wconf 85' lang='lat' dir='ltr'>plane</span> <span class='ocrx_word' id='word_1_84' title='bbox 794 846 1089 901; x_wconf 79' lang='lat' dir='ltr'><em>abrumperetur.</em></span> <span class='ocrx_word' id='word_1_85' title='bbox 1157 845 1234 889; x_wconf 89' lang='lat' dir='ltr'>Sed</span> <span class='ocrx_word' id='word_1_86' title='bbox 1255 856 1295 888; x_wconf 82' lang='lat' dir='ltr'>et</span> <span class='ocrx_word' id='word_1_87' title='bbox 1322 847 1431 890; x_wconf 63' lang='lat' dir='ltr'>causs-</span> 
     </span>
     <span class='ocr_line' id='line_1_13' title="bbox 127 908 655 963; baseline 0.002 -16"><span class='ocrx_word' id='word_1_88' title='bbox 127 909 183 949; x_wconf 86' lang='lat' dir='ltr'>sas</span> <span class='ocrx_word' id='word_1_89' title='bbox 214 908 405 963; x_wconf 81' lang='lat' dir='ltr'>collapsus</span> <span class='ocrx_word' id='word_1_90' title='bbox 436 909 655 950; x_wconf 83' lang='lat' dir='ltr'>videamus.</span> 
     </span>
    </p>

    <p class='ocr_par' dir='ltr' id='par_1_4' title="bbox 118 972 1428 2111">
     <span class='ocr_line' id='line_1_14' title="bbox 246 972 1428 1030; baseline 0.005 -21"><span class='ocrx_word' id='word_1_91' title='bbox 246 974 281 1020; x_wconf 83' lang='lat'>§.</span> <span class='ocrx_word' id='word_1_92' title='bbox 321 985 393 1013; x_wconf 86' lang='lat'>21.</span> <span class='ocrx_word' id='word_1_93' title='bbox 431 973 536 1030; x_wconf 79' lang='lat' dir='ltr'>Quia</span> <span class='ocrx_word' id='word_1_94' title='bbox 568 985 739 1027; x_wconf 86' lang='lat' dir='ltr'>corpora</span> <span class='ocrx_word' id='word_1_95' title='bbox 772 972 921 1029; x_wconf 81' lang='lat' dir='ltr'><em>elastica</em></span> <span class='ocrx_word' id='word_1_96' title='bbox 962 972 1122 1015; x_wconf 66' lang='lat' dir='ltr'>dilatata</span> <span class='ocrx_word' id='word_1_97' title='bbox 1165 975 1344 1014; x_wconf 86' lang='lat' dir='ltr'>nituntur</span> <span class='ocrx_word' id='word_1_98' title='bbox 1385 974 1428 1015; x_wconf 86' lang='lat' dir='ltr'>in</span> 
     </span>
     <span class='ocr_line' id='line_1_15' title="bbox 130 1034 1427 1079; baseline 0.003 -3"><span class='ocrx_word' id='word_1_99' title='bbox 130 1034 186 1076; x_wconf 86' lang='lat' dir='ltr'>sui</span> <span class='ocrx_word' id='word_1_100' title='bbox 218 1034 506 1078; x_wconf 80' lang='lat' dir='ltr'>restitutionem</span> <span class='ocrx_word' id='word_1_101' title='bbox 539 1050 584 1078; x_wconf 85' lang='lat' dir='ltr'>ac</span> <span class='ocrx_word' id='word_1_102' title='bbox 619 1037 957 1078; x_wconf 67' lang='lat' dir='ltr'>contractionem:</span> <span class='ocrx_word' id='word_1_103' title='bbox 993 1035 1090 1077; x_wconf 81' lang='lat' dir='ltr'>haec</span> <span class='ocrx_word' id='word_1_104' title='bbox 1123 1037 1261 1077; x_wconf 89' lang='lat' dir='ltr'>omnia</span> <span class='ocrx_word' id='word_1_105' title='bbox 1301 1038 1427 1079; x_wconf 82' lang='lat' dir='ltr'>etiam</span> 
     </span>
     <span class='ocr_line' id='line_1_16' title="bbox 132 1098 1426 1148; baseline 0.001 -7"><span class='ocrx_word' id='word_1_106' title='bbox 132 1098 284 1141; x_wconf 79' lang='lat' dir='ltr'>arteriis</span> <span class='ocrx_word' id='word_1_107' title='bbox 313 1098 369 1148; x_wconf 66' lang='grc' dir='ltr'>(ξ.</span> <span class='ocrx_word' id='word_1_108' title='bbox 397 1100 469 1148; x_wconf 89' lang='grc'>9.)</span> <span class='ocrx_word' id='word_1_109' title='bbox 502 1099 694 1139; x_wconf 83' lang='lat' dir='ltr'>accidunt.</span> <span class='ocrx_word' id='word_1_110' title='bbox 763 1100 864 1140; x_wconf 87' lang='lat' dir='ltr'>Non</span> <span class='ocrx_word' id='word_1_111' title='bbox 903 1109 1038 1139; x_wconf 83' lang='lat' dir='ltr'>autem</span> <span class='ocrx_word' id='word_1_112' title='bbox 1075 1100 1297 1141; x_wconf 71' lang='lat' dir='ltr'>contractio</span> <span class='ocrx_word' id='word_1_113' title='bbox 1338 1101 1426 1142; x_wconf 57' lang='lat' dir='ltr'>aditu</span> 
     </span>
     <span class='ocr_line' id='line_1_17' title="bbox 133 1161 1427 1218; baseline 0.002 -15"><span class='ocrx_word' id='word_1_114' title='bbox 133 1162 241 1214; x_wconf 84' lang='lat' dir='ltr'>fieri,</span> <span class='ocrx_word' id='word_1_115' title='bbox 276 1161 345 1202; x_wconf 85' lang='lat' dir='ltr'>nifi</span> <span class='ocrx_word' id='word_1_116' title='bbox 379 1161 532 1202; x_wconf 82' lang='lat' dir='ltr'>sublatis</span> <span class='ocrx_word' id='word_1_117' title='bbox 564 1162 712 1202; x_wconf 82' lang='lat' dir='ltr'>viribus</span> <span class='ocrx_word' id='word_1_118' title='bbox 731 1161 998 1213; x_wconf 81' lang='lat' dir='ltr'><em>dilatantibus,</em></span> <span class='ocrx_word' id='word_1_119' title='bbox 1019 1164 1192 1216; x_wconf 85' lang='lat' dir='ltr'>poterit,</span> <span class='ocrx_word' id='word_1_120' title='bbox 1213 1176 1310 1218; x_wconf 82' lang='lat' dir='ltr'>quae</span> <span class='ocrx_word' id='word_1_121' title='bbox 1327 1163 1427 1217; x_wconf 83' lang='lat' dir='ltr'>sunt,</span> 
     </span>
     <span class='ocr_line' id='line_1_18' title="bbox 131 1225 1427 1281; baseline 0.005 -17"><span class='ocrx_word' id='word_1_122' title='bbox 131 1226 278 1280; x_wconf 85' lang='lat' dir='ltr'>partim</span> <span class='ocrx_word' id='word_1_123' title='bbox 311 1227 466 1281; x_wconf 79' lang='lat' dir='ltr'>impetus</span> <span class='ocrx_word' id='word_1_124' title='bbox 498 1225 692 1278; x_wconf 78' lang='lat' dir='ltr'>fimguinis</span> <span class='ocrx_word' id='word_1_125' title='bbox 724 1226 908 1266; x_wconf 85' lang='lat' dir='ltr'>irruentis</span> <span class='ocrx_word' id='word_1_126' title='bbox 943 1227 1005 1275; x_wconf 67' lang='grc' dir='ltr'>(ξ.</span> <span class='ocrx_word' id='word_1_127' title='bbox 1027 1231 1083 1265; x_wconf 92' lang='lat'>16</span> <span class='ocrx_word' id='word_1_128' title='bbox 1090 1230 1153 1281; x_wconf 78' lang='lat'>.);</span> <span class='ocrx_word' id='word_1_129' title='bbox 1189 1229 1337 1281; x_wconf 86' lang='lat' dir='ltr'>partim</span> <span class='ocrx_word' id='word_1_130' title='bbox 1372 1229 1427 1271; x_wconf 79' lang='lat' dir='ltr'>il-</span> 
     </span>
     <span class='ocr_line' id='line_1_19' title="bbox 128 1287 1423 1345; baseline 0.002 -16"><span class='ocrx_word' id='word_1_131' title='bbox 128 1290 202 1330; x_wconf 86' lang='lat' dir='ltr'>lius</span> <span class='ocrx_word' id='word_1_132' title='bbox 235 1289 345 1328; x_wconf 57' lang='lat' dir='ltr'>musta</span> <span class='ocrx_word' id='word_1_133' title='bbox 379 1291 584 1342; x_wconf 76' lang='lat' dir='ltr'><em>quantitas.</em></span> <span class='ocrx_word' id='word_1_134' title='bbox 655 1287 762 1328; x_wconf 89' lang='lat' dir='ltr'>Cum</span> <span class='ocrx_word' id='word_1_135' title='bbox 796 1289 915 1338; x_wconf 84' lang='lat' dir='ltr'>igitur</span> <span class='ocrx_word' id='word_1_136' title='bbox 946 1289 1053 1327; x_wconf 66' lang='lat' dir='ltr'>aestio</span> <span class='ocrx_word' id='word_1_137' title='bbox 1087 1290 1218 1328; x_wconf 86' lang='lat' dir='ltr'>cordis</span> <span class='ocrx_word' id='word_1_138' title='bbox 1259 1300 1423 1345; x_wconf 90' lang='lat' dir='ltr'>tempo-</span> 
     </span>
     <span class='ocr_line' id='line_1_20' title="bbox 127 1348 1423 1405; baseline 0.002 -11"><span class='ocrx_word' id='word_1_139' title='bbox 127 1364 243 1394; x_wconf 82' lang='lat' dir='ltr'>ranea</span> <span class='ocrx_word' id='word_1_140' title='bbox 275 1351 344 1405; x_wconf 89' lang='lat' dir='ltr'>fit,</span> <span class='ocrx_word' id='word_1_141' title='bbox 381 1351 451 1392; x_wconf 84' lang='lat' dir='ltr'>illa</span> <span class='ocrx_word' id='word_1_142' title='bbox 484 1348 650 1391; x_wconf 73' lang='lat' dir='ltr'>cessante</span> <span class='ocrx_word' id='word_1_143' title='bbox 683 1350 739 1400; x_wconf 82' lang='lat'>&lt;§.</span> <span class='ocrx_word' id='word_1_144' title='bbox 761 1352 861 1402; x_wconf 84' lang='lat'>20.)</span> <span class='ocrx_word' id='word_1_145' title='bbox 895 1350 1043 1391; x_wconf 81' lang='lat' dir='ltr'>vinum</span> <span class='ocrx_word' id='word_1_146' title='bbox 1080 1352 1278 1394; x_wconf 69' lang='lat' dir='ltr'>distarum</span> <span class='ocrx_word' id='word_1_147' title='bbox 1298 1354 1423 1397; x_wconf 78' lang='lat' dir='ltr'><em>altera</em></span> 
     </span>
     <span class='ocr_line' id='line_1_21' title="bbox 126 1414 1423 1473; baseline 0.003 -16"><span class='ocrx_word' id='word_1_148' title='bbox 126 1416 306 1467; x_wconf 84' lang='lat' dir='ltr'>tollitur,</span> <span class='ocrx_word' id='word_1_149' title='bbox 339 1426 380 1456; x_wconf 88' lang='lat' dir='ltr'>et</span> <span class='ocrx_word' id='word_1_150' title='bbox 410 1415 633 1456; x_wconf 82' lang='lat' dir='ltr'>dilatationi</span> <span class='ocrx_word' id='word_1_151' title='bbox 666 1416 898 1454; x_wconf 75' lang='lat' dir='ltr'>arteriarum</span> <span class='ocrx_word' id='word_1_152' title='bbox 917 1414 1097 1455; x_wconf 83' lang='lat' dir='ltr'>vlteriori</span> <span class='ocrx_word' id='word_1_153' title='bbox 1123 1419 1302 1460; x_wconf 80' lang='lat' dir='ltr'>terminus</span> <span class='ocrx_word' id='word_1_154' title='bbox 1329 1417 1423 1473; x_wconf 83' lang='lat' dir='ltr'>figi-</span> 
     </span>
     <span class='ocr_line' id='line_1_22' title="bbox 127 1476 1424 1534; baseline 0.002 -12"><span class='ocrx_word' id='word_1_155' title='bbox 127 1491 204 1522; x_wconf 90' lang='lat' dir='ltr'>tur.</span> <span class='ocrx_word' id='word_1_156' title='bbox 241 1480 383 1534; x_wconf 85' lang='lat' dir='ltr'>Neque</span> <span class='ocrx_word' id='word_1_157' title='bbox 404 1480 535 1521; x_wconf 84' lang='lat' dir='ltr'>minus</span> <span class='ocrx_word' id='word_1_158' title='bbox 555 1476 703 1532; x_wconf 67' lang='lat' dir='ltr'>sanguis</span> <span class='ocrx_word' id='word_1_159' title='bbox 721 1477 799 1532; x_wconf 85' lang='lat' dir='ltr'>ipse</span> <span class='ocrx_word' id='word_1_160' title='bbox 819 1487 997 1518; x_wconf 79' lang='lat' dir='ltr'>naturam</span> <span class='ocrx_word' id='word_1_161' title='bbox 1017 1478 1124 1520; x_wconf 83' lang='lat' dir='ltr'>suam</span> <span class='ocrx_word' id='word_1_162' title='bbox 1146 1482 1156 1529; x_wconf 88' lang='lat'><em>(</em></span> <span class='ocrx_word' id='word_1_163' title='bbox 1168 1481 1239 1530; x_wconf 83' lang='lat'>§.6</span> <span class='ocrx_word' id='word_1_164' title='bbox 1244 1512 1252 1520; x_wconf 89' lang='lat'>.</span> <span class='ocrx_word' id='word_1_165' title='bbox 1270 1484 1282 1532; x_wconf 93' lang='lat'>)</span> <span class='ocrx_word' id='word_1_166' title='bbox 1302 1493 1424 1524; x_wconf 90' lang='lat' dir='ltr'>num-</span> 
     </span>
     <span class='ocr_line' id='line_1_23' title="bbox 127 1541 1425 1600; baseline 0 -14"><span class='ocrx_word' id='word_1_167' title='bbox 127 1558 247 1599; x_wconf 86' lang='lat' dir='ltr'>quam</span> <span class='ocrx_word' id='word_1_168' title='bbox 280 1546 393 1585; x_wconf 83' lang='lat' dir='ltr'>exuit</span> <span class='ocrx_word' id='word_1_169' title='bbox 412 1576 423 1596; x_wconf 82' lang='grc'><em>,</em></span> <span class='ocrx_word' id='word_1_170' title='bbox 455 1543 516 1585; x_wconf 85' lang='lat' dir='ltr'>sed</span> <span class='ocrx_word' id='word_1_171' title='bbox 562 1543 750 1584; x_wconf 87' lang='lat' dir='ltr'>continuo</span> <span class='ocrx_word' id='word_1_172' title='bbox 791 1554 940 1596; x_wconf 80' lang='lat' dir='ltr'>quaqua</span> <span class='ocrx_word' id='word_1_173' title='bbox 981 1541 1142 1584; x_wconf 81' lang='lat' dir='ltr'>vorsum</span> <span class='ocrx_word' id='word_1_174' title='bbox 1176 1547 1339 1600; x_wconf 86' lang='lat' dir='ltr'><em>premit,</em></span> <span class='ocrx_word' id='word_1_175' title='bbox 1382 1556 1425 1588; x_wconf 84' lang='lat' dir='ltr'>et</span> 
     </span>
     <span class='ocr_line' id='line_1_24' title="bbox 118 1603 1421 1665; baseline 0.003 -17"><span class='ocrx_word' id='word_1_176' title='bbox 118 1603 288 1662; x_wconf 74' lang='lat' dir='ltr'>⁴quidem</span> <span class='ocrx_word' id='word_1_177' title='bbox 321 1621 373 1648; x_wconf 90' lang='lat' dir='ltr'>eo</span> <span class='ocrx_word' id='word_1_178' title='bbox 396 1609 538 1665; x_wconf 82' lang='lat' dir='ltr'><em>fortius</em></span> <span class='ocrx_word' id='word_1_179' title='bbox 569 1608 689 1659; x_wconf 83' lang='lat' dir='ltr'>illuc,</span> <span class='ocrx_word' id='word_1_180' title='bbox 720 1606 789 1648; x_wconf 84' lang='lat' dir='ltr'>vbi</span> <span class='ocrx_word' id='word_1_181' title='bbox 821 1609 940 1648; x_wconf 81' lang='lat' dir='ltr'><em>minus</em></span> <span class='ocrx_word' id='word_1_182' title='bbox 971 1606 1028 1647; x_wconf 86' lang='lat' dir='ltr'>est</span> <span class='ocrx_word' id='word_1_183' title='bbox 1061 1607 1305 1650; x_wconf 83' lang='lat' dir='ltr'>refistentiae.</span> <span class='ocrx_word' id='word_1_184' title='bbox 1343 1610 1421 1652; x_wconf 86' lang='lat' dir='ltr'>Fac</span> 
     </span>
     <span class='ocr_line' id='line_1_25' title="bbox 128 1669 1423 1730; baseline 0.003 -17"><span class='ocrx_word' id='word_1_185' title='bbox 128 1673 212 1713; x_wconf 83' lang='lat' dir='ltr'>iam</span> <span class='ocrx_word' id='word_1_186' title='bbox 243 1672 454 1713; x_wconf 70' lang='lat' dir='ltr'>constristo</span> <span class='ocrx_word' id='word_1_187' title='bbox 487 1671 709 1713; x_wconf 82' lang='lat' dir='ltr'>ventriculo</span> <span class='ocrx_word' id='word_1_188' title='bbox 746 1671 876 1712; x_wconf 85' lang='lat' dir='ltr'>cordis</span> <span class='ocrx_word' id='word_1_189' title='bbox 909 1683 953 1711; x_wconf 84' lang='lat' dir='ltr'>ac</span> <span class='ocrx_word' id='word_1_190' title='bbox 972 1669 1131 1726; x_wconf 84' lang='lat' dir='ltr'>depleto</span> <span class='ocrx_word' id='word_1_191' title='bbox 1157 1672 1332 1716; x_wconf 82' lang='lat' dir='ltr'><em>valuulas</em></span> <span class='ocrx_word' id='word_1_192' title='bbox 1349 1687 1423 1730; x_wconf 86' lang='lat' dir='ltr'>per</span> 
     </span>
     <span class='ocr_line' id='line_1_26' title="bbox 129 1733 1416 1791; baseline 0.002 -13"><span class='ocrx_word' id='word_1_193' title='bbox 129 1746 386 1779; x_wconf 86' lang='lat' dir='ltr'>momentum</span> <span class='ocrx_word' id='word_1_194' title='bbox 419 1742 576 1791; x_wconf 81' lang='lat' dir='ltr'><em>apertas</em></span> <span class='ocrx_word' id='word_1_195' title='bbox 607 1747 793 1787; x_wconf 79' lang='lat' dir='ltr'>manere,</span> <span class='ocrx_word' id='word_1_196' title='bbox 829 1748 874 1776; x_wconf 80' lang='lat' dir='ltr'>ac</span> <span class='ocrx_word' id='word_1_197' title='bbox 906 1733 1108 1776; x_wconf 86' lang='lat' dir='ltr'>columnam</span> <span class='ocrx_word' id='word_1_198' title='bbox 1138 1735 1334 1791; x_wconf 84' lang='lat' dir='ltr'>sanguinis</span> <span class='ocrx_word' id='word_1_199' title='bbox 1376 1740 1416 1780; x_wconf 85' lang='lat' dir='ltr'>in</span> 
     </span>
     <span class='ocr_line' id='line_1_27' title="bbox 129 1798 1419 1855; baseline 0.002 -13"><span class='ocrx_word' id='word_1_200' title='bbox 129 1810 241 1842; x_wconf 80' lang='lat' dir='ltr'>aorta</span> <span class='ocrx_word' id='word_1_201' title='bbox 273 1800 383 1855; x_wconf 86' lang='lat' dir='ltr'>supra</span> <span class='ocrx_word' id='word_1_202' title='bbox 415 1799 590 1841; x_wconf 85' lang='lat' dir='ltr'>valuulas</span> <span class='ocrx_word' id='word_1_203' title='bbox 623 1798 786 1841; x_wconf 74' lang='lat' dir='ltr'>haerere</span> <span class='ocrx_word' id='word_1_204' title='bbox 819 1801 1028 1842; x_wconf 84' lang='lat' dir='ltr'>immotam:</span> <span class='ocrx_word' id='word_1_205' title='bbox 1063 1798 1233 1854; x_wconf 85' lang='lat' dir='ltr'>spatium</span> <span class='ocrx_word' id='word_1_206' title='bbox 1260 1815 1419 1845; x_wconf 80' lang='lat' dir='ltr'><em>vacuum</em></span> 
     </span>
     <span class='ocr_line' id='line_1_28' title="bbox 128 1863 1423 1917; baseline 0.002 -10"><span class='ocrx_word' id='word_1_207' title='bbox 128 1865 253 1907; x_wconf 85' lang='lat' dir='ltr'>aderit</span> <span class='ocrx_word' id='word_1_208' title='bbox 283 1873 460 1916; x_wconf 81' lang='lat' dir='ltr'>tantum,</span> <span class='ocrx_word' id='word_1_209' title='bbox 494 1873 682 1917; x_wconf 82' lang='lat' dir='ltr'>quantum</span> <span class='ocrx_word' id='word_1_210' title='bbox 715 1864 769 1904; x_wconf 85' lang='lat' dir='ltr'>est</span> <span class='ocrx_word' id='word_1_211' title='bbox 800 1863 1051 1905; x_wconf 84' lang='lat' dir='ltr'>interuallum</span> <span class='ocrx_word' id='word_1_212' title='bbox 1094 1865 1199 1906; x_wconf 86' lang='lat' dir='ltr'>inter</span> <span class='ocrx_word' id='word_1_213' title='bbox 1240 1867 1423 1909; x_wconf 82' lang='lat' dir='ltr'>valuulas</span> 
     </span>
     <span class='ocr_line' id='line_1_29' title="bbox 129 1928 1418 1985; baseline 0.002 -15"><span class='ocrx_word' id='word_1_214' title='bbox 129 1939 304 1982; x_wconf 81' lang='lat' dir='ltr'>apertas,</span> <span class='ocrx_word' id='word_1_215' title='bbox 339 1929 442 1969; x_wconf 85' lang='lat' dir='ltr'>inter</span> <span class='ocrx_word' id='word_1_216' title='bbox 473 1928 621 1969; x_wconf 84' lang='lat' dir='ltr'>limites</span> <span class='ocrx_word' id='word_1_217' title='bbox 662 1928 872 1968; x_wconf 72' lang='lat' dir='ltr'>ventriculi</span> <span class='ocrx_word' id='word_1_218' title='bbox 911 1937 952 1969; x_wconf 89' lang='lat' dir='ltr'>et</span> <span class='ocrx_word' id='word_1_219' title='bbox 992 1928 1224 1971; x_wconf 82' lang='lat' dir='ltr'>columnam</span> <span class='ocrx_word' id='word_1_220' title='bbox 1264 1931 1418 1985; x_wconf 78' lang='lat' dir='ltr'>sangui-</span> 
     </span>
     <span class='ocr_line' id='line_1_30' title="bbox 130 1990 1414 2046; baseline 0.004 -13"><span class='ocrx_word' id='word_1_221' title='bbox 130 2005 246 2033; x_wconf 81' lang='lat' dir='ltr'>neam</span> <span class='ocrx_word' id='word_1_222' title='bbox 280 1990 530 2034; x_wconf 83' lang='lat' dir='ltr'>nominatam</span> <span class='ocrx_word' id='word_1_223' title='bbox 564 1991 908 2046; x_wconf 77' lang='lat' dir='ltr'>comprehensum.</span> <span class='ocrx_word' id='word_1_224' title='bbox 974 1992 1057 2033; x_wconf 82' lang='lat' dir='ltr'>Vbi</span> <span class='ocrx_word' id='word_1_225' title='bbox 1088 2003 1221 2035; x_wconf 84' lang='lat' dir='ltr'>autem</span> <span class='ocrx_word' id='word_1_226' title='bbox 1244 2008 1414 2037; x_wconf 87' lang='lat' dir='ltr'>vacuum</span> 
     </span>
     <span class='ocr_line' id='line_1_31' title="bbox 129 2053 1415 2111; baseline 0.002 -13"><span class='ocrx_word' id='word_1_227' title='bbox 129 2057 207 2111; x_wconf 83' lang='lat' dir='ltr'>est,</span> <span class='ocrx_word' id='word_1_228' title='bbox 242 2057 295 2098; x_wconf 85' lang='lat' dir='ltr'>ibi</span> <span class='ocrx_word' id='word_1_229' title='bbox 331 2056 535 2100; x_wconf 71' lang='lat' dir='ltr'>refistentia</span> <span class='ocrx_word' id='word_1_230' title='bbox 567 2055 622 2098; x_wconf 84' lang='lat' dir='ltr'>est</span> <span class='ocrx_word' id='word_1_231' title='bbox 640 2056 758 2097; x_wconf 79' lang='lat' dir='ltr'>nulla.</span> <span class='ocrx_word' id='word_1_232' title='bbox 827 2053 935 2100; x_wconf 87' lang='lat' dir='ltr'>Cum</span> <span class='ocrx_word' id='word_1_233' title='bbox 953 2057 1075 2110; x_wconf 77' lang='lat' dir='ltr'>igitur</span> <span class='ocrx_word' id='word_1_234' title='bbox 1095 2070 1177 2100; x_wconf 88' lang='lat' dir='ltr'>non</span> <span class='ocrx_word' id='word_1_235' title='bbox 1195 2058 1323 2101; x_wconf 76' lang='lat' dir='ltr'>solum</span> <span class='ocrx_word' id='word_1_236' title='bbox 1343 2063 1415 2101; x_wconf 74' lang='lat' dir='ltr'>im-</span> 
     </span>
    </p>

    <p class='ocr_par' dir='ltr' id='par_1_5' title="bbox 700 2120 1412 2180">
     <span class='ocr_line' id='line_1_32' title="bbox 700 2120 1412 2180; baseline 0.004 -16"><span class='ocrx_word' id='word_1_237' title='bbox 700 2120 781 2164; x_wconf 85' lang='lat' dir='ltr'>Nn</span> <span class='ocrx_word' id='word_1_238' title='bbox 816 2132 839 2158; x_wconf 73' lang='lat'><em>2</em></span> <span class='ocrx_word' id='word_1_239' title='bbox 1304 2132 1412 2180; x_wconf 70' lang='lat' dir='ltr'><em>petus</em></span> 
     </span>
    </p>
   </div>
  </div>
 </body>
</html>
