1932 2641
535 100 622 137 286
741 95 823 136 DE
853 87 1297 135 CIRCVLATIONE
1330 89 1668 134 SANGVINIS.

530 216 633 254 nitas
664 210 916 265 eruptionem
947 208 1139 262 sanguinis
1171 217 1284 247 extra
1315 211 1542 251 arteriarum
1575 210 1708 251 alueos
1749 222 1817 264 pet

533 278 616 319 vias
648 276 846 329 legitimas
867 272 1149 327 indispenissbili
1177 277 1286 324 vrget
1314 273 1541 315 necestitate.
1609 273 1716 314 Cum
1746 287 1820 317 ve-

531 355 579 383 ro
618 339 793 381 valuulae
828 337 1077 378 semiluuares
1105 347 1273 377 omnem
1311 334 1352 374 in
1391 337 1517 376 cordis
1535 351 1625 380 caua
1651 334 1820 393 receffum

532 406 582 456 (§.
610 408 700 457 20.)
735 403 908 456 sanguini
940 402 1136 454 denegent,
1171 400 1286 452 idque
1318 410 1368 438 eo
1402 400 1544 453 magis,
1575 413 1653 453 quo
1686 400 1821 445 fortius

533 469 598 510 hic
632 469 681 508 ab
712 467 863 508 arteriis
896 464 932 504 se
951 464 1236 505 restituentibus
1271 463 1510 517 apprimitur
1544 465 1592 514 (ξ.
1628 472 1819 517 21.22.):

534 532 722 586 quicquid
755 527 984 582 superfluum
1018 527 1087 580 est,
1122 528 1163 568 id
1197 539 1318 567 omne
1357 540 1428 581 per
1475 528 1707 568 arteriarum
1748 544 1826 573 ex-⁴

537 597 759 636 tremitates
792 590 936 633 alteras
969 593 1016 642 (§.
1048 594 1140 642 17.)
1173 600 1336 645 cogetur
1356 590 1528 632 effluere.
1601 591 1688 632 Hae
1717 595 1825 635 enim

535 659 602 699 illa
635 652 823 712 emzffaria
857 655 957 707 sunt,
990 669 1087 709 quae
1121 657 1161 696 in
1183 655 1342 696 alterius
1360 656 1512 708 generis
1531 655 1619 696 vasa
1647 656 1698 705 (ξ.
1736 660 1827 710 14.)

534 735 629 763 cum
663 733 831 776 quorum
865 721 1095 774 primordiis
1126 721 1177 771 (§.
1201 723 1267 770 7.)
1299 718 1514 761 cohaerent
1546 721 1594 771 (ξ.
1633 725 1746 774 12.),
1774 722 1828 764 li-

532 799 702 841 quorem
734 783 842 825 suum
875 783 1154 826 transfundunt.

654 852 688 900 §.
732 863 802 900 24.
838 849 1040 906 Quamdiu
1074 850 1194 903 igitur
1215 846 1426 888 incolumis
1458 859 1503 887 ac
1539 847 1726 889 naturalis
1743 847 1830 888 san-

538 914 667 967 guinis
692 923 827 954 motus
856 923 1062 967 perennat:
1086 911 1236 954 tamdiu
1254 911 1376 951 etiam
1395 913 1525 965 quauis
1540 912 1763 967 proiee‘Yiom
1781 920 1829 949 ex

539 976 647 1017 corde
669 975 788 1032 satta
818 977 1030 1017 tantundem
1057 971 1225 1032 praecise
1244 971 1437 1029 sanguinis
1473 983 1545 1027 per
1577 981 1831 1014 extremarum

540 1039 802 1081 arteriolarum
829 1042 978 1091 orzficz'a
1006 1041 1042 1080 in
1069 1047 1217 1082 exteros
1243 1039 1365 1079 alueos
1393 1036 1550 1091 tranfit3
1581 1044 1755 1092 quantum
1781 1048 1830 1078 ex

541 1097 651 1143 corde
683 1104 785 1142 intra
805 1109 937 1142 aortae
953 1105 1128 1142 terminos
1145 1102 1227 1156 fuit
1253 1106 1450 1154 receptum.
1525 1100 1640 1142 Hunc
1671 1111 1831 1143 motum

541 1164 735 1219 sanguinis
758 1165 977 1205 naturalem
997 1177 1104 1205 voco
1137 1162 1390 1219 aequabilem3
1422 1176 1502 1205 non
1517 1196 1529 1216 ‚
1558 1166 1664 1219 quod
1683 1165 1831 1219 fimguis

542 1241 774 1284 quocunque
807 1227 988 1269 vasorum
1021 1228 1095 1270 loco
1126 1228 1379 1283 aequabiliter
1398 1240 1621 1282 moueatur,
1643 1229 1706 1271 sed
1726 1230 1833 1284 quod

544 1292 738 1334 interuallo
772 1293 933 1331 duarum
967 1292 1170 1331 actionum
1203 1293 1332 1331 cordis
1350 1299 1492 1331 tantum
1519 1295 1669 1333 arteriis
1698 1300 1831 1346 exeat,

547 1364 721 1413 quantum
754 1355 839 1395 illas
872 1355 1047 1406 intrauit,
1084 1366 1293 1409 quacunque
1326 1354 1365 1394 id
1398 1354 1586 1396 celeritate
1605 1356 1685 1396 fiat.
1752 1356 1834 1396 Di-

546 1434 597 1461 co
630 1430 762 1461 autem
792 1415 961 1473 praecise
1000 1419 1215 1458 tantundem
1256 1419 1516 1458 exterminari
1549 1419 1589 1458 in
1623 1419 1719 1460 statu
1763 1432 1836 1460 na-

544 1483 675 1526 tut-ali.
743 1482 894 1538 Quodsi
928 1493 1037 1522 enim
1070 1484 1188 1522 minor
1220 1481 1410 1534 quantitas
1436 1481 1674 1524 elaberetur:
1705 1496 1835 1537 conge-

532 1549 602 1606 sta
634 1547 825 1600 sanguinis
860 1544 970 1586 moles
1002 1555 1157 1587 aortam
1191 1545 1368 1598 illiusque
1399 1558 1533 1586 ramos
1554 1547 1654 1587 vltra
1674 1546 1838 1588 coniue-

545 1623 634 1654 tum
668 1611 858 1651 terminus
889 1608 1128 1665 distenderet3
1164 1622 1259 1664 quae
1291 1611 1408 1650 nimia
1426 1609 1585 1666 dssetfio
1612 1621 1678 1652 aut
1691 1643 1702 1663 ‚
1731 1614 1838 1665 quod

547 1686 638 1717 ante
671 1676 719 1725 (ξ.
755 1676 845 1726 23.)
888 1675 1133 1726 monuimus,
1173 1680 1366 1728 rupturam
1408 1675 1640 1727 minaretur,
1683 1686 1764 1726 aut,
1806 1677 1836 1718 fi

547 1738 702 1781 robusta
721 1733 824 1792 satis
856 1734 943 1777 vasa
975 1739 1105 1777 forent
1137 1747 1177 1778 et
1208 1738 1313 1791 quasi
1333 1738 1471 1790 rigida,
1508 1738 1699 1779 obturatis
1719 1740 1841 1781 emis-

548 1801 653 1844 sariis
684 1809 816 1842 motum
846 1801 989 1842 cruoris
1032 1801 1313 1856 progressiuum
1347 1802 1501 1854 penitus
1542 1804 1836 1859 interrumperet.

550 1868 628 1909 Fac
661 1875 794 1906 autem
822 1864 908 1921 plus
939 1865 1079 1906 exilire
1112 1878 1181 1919 per
1213 1863 1300 1904 vasa
1333 1865 1556 1919 capillaria:
1601 1868 1732 1908 totalis
1763 1869 1838 1909 sine

550 1932 672 1972 dubio
691 1931 920 1970 arteriarum
942 1931 1133 1971 euacuatio
1152 1929 1312 1970 tandem
1333 1928 1565 1984 sequeretur.
1617 1931 1838 1984 Vtrumque

550 2004 686 2037 autem
721 1994 841 2034 talem
875 1993 1013 2034 statum
1047 2007 1069 2034 a
1103 2003 1239 2036 natura
1281 1992 1494 2037 abhorrere
1508 2026 1520 2048 ‚
1562 1996 1628 2037 vel
1668 2008 1734 2036 me
1777 2006 1840 2036 ta-

553 2067 691 2112 cente,
721 2056 939 2100 luculenter
971 2056 1144 2115 patescit.

1694 2124 1727 2173 ς.
1763 2135 1833 2174 25,
