1932 2641
509 131 592 169 280
722 124 798 165 DE
831 121 1284 166 CIRCVLATIONE
1318 120 1654 166 SANCVINIS.

501 246 542 285 id
577 245 683 296 quod
719 246 847 299 aliqua
879 236 929 284 ex
965 253 1073 299 parte
1108 242 1300 296 praestitit
1342 242 1555 284 Dominicus
1587 240 1798 287 Guilielmi-

501 311 564 360 ni,
600 311 665 360 qui
702 323 723 350 ιι
770 310 1000 364 posteriori,
1047 317 1091 347 vt
1127 305 1271 359 Logici
1310 305 1439 345 dicere
1477 319 1634 359 amant,
1668 308 1798 349 osten-

504 375 586 424 dit,
625 385 790 426 quasnas
810 375 941 415 turbas
976 374 1103 413 aliena
1138 382 1338 424 corpora,
1381 380 1464 410 tam
1496 370 1641 424 solida,
1680 386 1798 427 quam

503 438 647 489 fluida,
705 440 831 479 modo
873 451 963 479 cum
1008 437 1191 490 languine
1246 446 1327 473 non
1381 434 1587 474 miscibilia
1638 437 1677 476 in
1729 450 1802 477 ne⁴

503 503 619 556 gotio
655 505 760 543 vitae
795 503 996 552 excitent,
1040 512 1080 540 et
1125 499 1270 540 exinde
1312 499 1566 539 necess'ariam
1610 498 1802 554 sanguinis

504 568 813 607 continuitatem
848 565 1045 605 adstruxit.
1122 563 1221 604 Vaia
1254 564 1374 616 igitur
1395 563 1498 603 dicta
1517 563 1699 617 sanguine
1717 566 1803 621 ple-

502 643 551 670 na
587 629 663 670 effe
697 630 877 670 audac'ter
912 630 1047 670 licebit
1080 629 1224 669 dicere.

624 689 658 736 ξ.
704 707 774 732 12.
814 695 918 750 Quia
953 693 1146 747 languinis
1179 705 1231 733 ex
1264 693 1415 732 arteriis
1436 693 1475 732 in
1496 704 1617 733 venas
1638 695 1804 747 (§.1.8.)

506 758 561 799 est
582 762 785 800 transitus:
809 758 894 800 vala
907 759 1003 799 haec
1024 759 1104 799 duo
1126 759 1229 798 inter
1249 757 1285 797 se
1305 757 1516 797 cohaerere
1536 758 1807 800 extremitati-

506 822 576 863 bus
610 822 707 875 suis,
745 823 893 864 necesse
926 823 993 864 est.
1063 823 1355 880 Qualiscumque
1389 831 1520 863 autem
1556 822 1653 863 haec
1674 822 1718 863 sit
1742 834 1805 862 co-

505 886 662 940 haesio,
700 888 886 928 hactenus
920 889 1034 928 nobis
1070 888 1234 941 perinde
1268 887 1362 926 erit:
1397 898 1489 925 cum
1523 885 1626 925 illius
1646 887 1807 938 ignora‘

507 952 566 990 t-io
602 952 792 1004 praesenti
826 953 1127 992 considerationi
1162 951 1263 991 nihil
1298 948 1461 990 officiat.

625 1015 659 1063 ξ.
703 1028 772 1064 13.
809 1015 915 1054 Tota
950 1016 1065 1067 igitur
1099 1017 1190 1066 via,
1223 1027 1341 1069 quam
1376 1014 1524 1062 sanguis
1555 1010 1713 1051 emetiri
1735 1010 1807 1051 de*

511 1079 600 1128 bet,
636 1089 845 1130 antequam
880 1080 927 1117 ad
962 1078 1233 1129 scaturiginem
1269 1078 1373 1115 suam
1408 1074 1568 1126 redeat,
1601 1074 1655 1114 est
1673 1075 1808 1128 longi-

510 1141 605 1180 tudo
639 1141 872 1180 arteriarum
911 1149 951 1178 et
983 1152 1176 1179 venarum
1210 1133 1274 1185 (ξ.
1296 1140 1420 1189 12.)‚
1457 1152 1554 1191 quae
1587 1152 1661 1193 pro
1698 1141 1807 1180 varia

511 1203 702 1245 viscerum
737 1217 758 1244 a
792 1204 911 1245 corde
944 1204 1118 1244 distantia
1152 1204 1335 1245 fimiliter
1366 1203 1475 1244 varia
1508 1203 1574 1245 est.

629 1271 663 1318 ξ.
707 1281 775 1318 14.
816 1268 1050 1320 Numquam
1085 1278 1173 1311 tota¹
1204 1270 1271 1310 illa
1293 1268 1486 1322 sanguinis
1506 1269 1626 1310 maffa
1645 1282 1697 1310 ex
1719 1281 1810 1309 cor-

513 1333 560 1372 de
595 1332 634 1370 in
670 1332 828 1371 arterias
872 1332 1073 1384 proiefta,
1119 1343 1189 1384 per
1233 1344 1351 1370 venas
1392 1332 1540 1370 illibata
1585 1333 1711 1382 redit,
1749 1331 1811 1371 i'cd

515 1396 708 1449 quaedam
745 1394 848 1434 illius
886 1395 1098 1448 particulae
1131 1407 1152 1434 c
1192 1407 1362 1447 corpore
1405 1396 1558 1446 penitus
1600 1395 1813 1434 eliminan-

515 1470 602 1510 tur,
639 1459 828 1511 quaedam
865 1458 915 1497 ita
960 1459 1245 1502 immutantur,
1287 1467 1332 1495 vt
1375 1455 1447 1496 suis
1492 1457 1678 1511 specificis
1720 1459 1814 1499 vasis

516 1523 617 1562 latae
651 1534 720 1575 per
754 1531 882 1561 totum
906 1533 1048 1575 corpus
1070 1521 1278 1572 oberrent,
1311 1521 1440 1560 donec
1461 1522 1499 1560 in
1521 1523 1629 1562 viam
1659 1523 1813 1576 regiam

517 1587 647 1627 denuo
682 1586 918 1626 relabantur.
990 1584 1056 1626 Ne
1087 1586 1211 1638 'igitur
1248 1586 1421 1626 nimium
1454 1587 1585 1627 oneris
1614 1586 1816 1627 nobismet

516 1652 603 1704 ipsis
636 1652 911 1703 imponamus:
950 1648 1206 1691 scrutabimur
1237 1650 1515 1702 solummodo,
1549 1651 1643 1704 quid
1662 1649 1818 1705 sangui-

519 1717 566 1755 ni·
593 1715 767 1761 accidat,
799 1715 926 1754 donec
959 1727 980 1754 ιι
1013 1714 1132 1754 corde
1166 1728 1238 1768 pcr
1271 1715 1430 1755 arterias
1466 1716 1510 1754 ad
1553 1714 1699 1755 horum
1741 1727 1816 1755 ex-

520 1790 645 1820 trema
683 1778 961 1830 minutiffima,
1001 1779 1060 1817 vbi
1099 1780 1277 1818 transitus
1322 1779 1360 1818 in
1404 1779 1477 1818 alia
1522 1777 1609 1819 vassi
1654 1780 1814 1833 incipit,

522 1844 770 1910 peruenerit3
806 1843 976 1895 reliquos
1009 1843 1160 1883 c221ntles
1194 1853 1234 1883 et
1266 1843 1403 1883 ductus
1437 1852 1639 1897 timquim
1658 1856 1723 1884 vis
1742 1844 1818 1883 ali-

522 1909 629 1962 quod
662 1920 878 1948 commune
914 1907 1217 1958 consideraturi,
1254 1908 1293 1946 in
1326 1907 1431 1961 quod
1472 1909 1637 1984 arteriae
1686 1907 1816 1962 liquo-

523 1986 610 2018 rem
647 1972 757 2012 suum
792 1970 1001 2012 effundant

642 2038 674 2086 ξ.
708 2047 775 2085 15.
812 2036 894 2076 Vbi
927 2038 1105 2090 primum
1144 2038 1261 2090 igitur
1298 2035 1382 2077 Cor
1401 2037 1603 2078 astionem
1622 2035 1722 2077 suam
1743 2047 1817 2074 ex-

526 2114 661 2143 ercere
694 2101 858 2156 incipit,
899 2102 1015 2143 maffia
1058 2101 1287 2155 sanguinea,
1332 2115 1451 2157 quam
1493 2101 1676 2145 hactenus
1716 2100 1816 2141 intr-a

1731 2163 1826 2205 vasa·

551 2245 564 2268 ὁ.
