1932 2641
304 724 365 762 Fsg.
389 732 418 754 2.

488 86 576 135 316
612 60 627 71 Χ
674 78 910 122 AORTAE
941 79 1018 121 ET
1050 73 1265 120 SPINAE
1296 77 1582 123 DORSALIS

599 199 632 248 §.
661 210 677 235 1
691 210 728 236 1.
762 197 856 253 Quo
876 207 1008 238 autem
1028 194 1132 235 sensu
1148 227 1159 247 ,
1180 206 1222 235 vt
1240 196 1427 248 singulare
1445 211 1487 238 ac
1507 199 1639 239 minus
1658 212 1778 240 com-

486 273 605 303 mune
625 259 1198 315 phaenomenum,istiusmodi
1220 271 1350 299 aortae
1370 262 1575 303 'melan-atio
1595 272 1634 301 et
1653 263 1778 303 ferru—

488 326 656 366 minatio
677 325 740 366 hic
758 325 805 365 fit
823 324 1048 378 accipienda
1063 355 1074 375 ,
1114 337 1214 363 nunc
1230 323 1502 364 differt-anonis
1519 335 1627 378 parte
1646 328 1781 367 seeun-

485 389 532 430 da
545 421 558 442 ,
591 401 660 443 per
681 389 809 442 spinae
828 388 988 429 dorsalis
1006 388 1386 440 contemplationem
1402 418 1413 438 ,
1434 388 1640 439 explanare
1659 403 1779 431 cona-

487 453 575 493 bor.
599 453 744 494 Ablata
765 454 894 506 itaque
911 453 1119 503 aorta,tria
1143 451 1357 491 istiusmodi
1379 450 1526 504 postica
1544 455 1780 495 aneurisma—

487 526 526 557 ta
542 529 580 556 1.
599 531 637 555 2.
656 530 696 566 3.
713 530 733 556 a
752 528 921 569 corpore
942 514 1003 554 seu
1024 525 1161 555 trunco
1179 515 1414 566 daiiia‚l]aud
1433 515 1563 554 minus
1581 528 1698 568 quam
1715 531 1779 558 ra-

486 581 590 621 dices
609 581 788 621 dentium
804 611 814 631 ‚
834 578 1089 620 maxillarum
1110 579 1277 620 alueolis
1294 578 1454 630 infixae,
1476 579 1673 619 nonnullis
1690 592 1783 620 ver-

486 643 606 683 tebris
638 642 766 696 spinae
801 643 1041 683 tenacissime
1073 654 1184 684 erant
1214 643 1383 697 impaCta
1409 674 1421 694 .,
1464 642 1554 683 hinc
1588 643 1783 683 immobi-

486 706 564 759 lia,
595 717 639 747 et
658 707 875 760 cuicunque
894 706 989 747 nisui
1010 707 1229 748 refistentia.
1265 708 1348 748 vid.
1378 708 1462 760 Fig.
1492 719 1530 745 2.
1572 706 1701 748 Num.
1738 721 1777 747 1.

488 784 527 810 2.
553 785 594 822 3.
661 771 741 812 Vel
774 772 883 811 enim
915 773 1042 826 prima
1078 773 1288 812 oculorum
1322 771 1586 825 inl'peffione,
1624 784 1668 810 ea
1701 772 1779 812 basi

484 835 754 877 vertebrarum
788 835 889 875 haud
922 835 1105 890 parallel-a
1139 836 1416 886 solummodo,
1450 835 1664 887 iisdemque
1685 835 1781 875 fim—

485 899 641 953 pliciter
683 900 921 953 agglutinata
964 899 1072 952 effe,
1126 913 1266 941 verum
1309 900 1349 938 in
1393 897 1529 939 ostium
1577 900 1779 951 propriam

486 963 729 1003 iubstantiam
763 963 1016 1013 descendere,
1052 974 1092 1004 et
1129 964 1225 1004 finus
1252 963 1313 1003 seu
1339 962 1449 1002 foffas
1478 962 1625 1000 ibidem
1662 971 1781 1001 exca-

486 1036 592 1066 uatas
626 1039 818 1079 occupare
840 1057 852 1077 ,
887 1027 1066 1079 protinus
1099 1027 1391 1080 perspiciebam.
1474 1023 1624 1075 Porro,
1657 1022 1780 1077 spatio

486 1102 506 1129 a
531 1103 553 1139 3
586 1102 711 1142 Vsque
744 1089 792 1128 ad
827 1093 855 1126 6
889 1090 1111 1129 vertebram
1147 1090 1246 1129 dorsl
1279 1086 1443 1140 inclufa,
1479 1086 1527 1127 sic
1561 1098 1672 1128 crant
1704 1101 1780 1141 po-

485 1152 580 1204 sita,
614 1162 658 1192 vt
692 1153 865 1205 primum
903 1152 962 1192 seu
994 1150 1165 1205 superius
1187 1184 1198 1204 ‚
1231 1161 1271 1192 et
1303 1153 1464 1193 tertium
1497 1150 1561 1192 seu
1595 1151 1778 1204 inferius,

486 1216 586 1256 basin
620 1215 683 1256 seu
717 1217 893 1256 medium
927 1216 1088 1269 spinae3
1127 1216 1332 1256 secundum
1368 1229 1490 1267 vem,
1525 1216 1778 1257 sinistrorsum

484 1280 677 1318 decliuem
698 1289 738 1317 et
756 1279 955 1318 lateralem
986 1289 1136 1329 partem
1167 1281 1437 1318 vertebrarum
1468 1290 1635 1330 occupet
1656 1311 1667 1330 ,
1704 1293 1781 1318 un-

488 1343 534 1383 de
571 1344 694 1394 figura
716 1341 907 1393 xtrianguli
943 1340 1129 1381 efficitur:
1166 1341 1244 1379 Vbi
1278 1341 1373 1380 illud
1410 1349 1607 1392 praeterea
1642 1341 1777 1381 obser-

486 1419 578 1446 uare
609 1406 711 1445 mihi
750 1404 849 1443 visus
884 1404 964 1444 sum
991 1436 1001 1454 ‚
1043 1405 1148 1457 quod
1182 1405 1324 1457 prioris
1357 1403 1417 1443 scu
1449 1402 1656 1455 superioris
1691 1406 1776 1444 ori-

486 1469 619 1510 ficium
662 1478 701 1507 et
744 1470 887 1507 cai-:itas
911 1500 921 1518 ,
975 1467 1268 1519 dispositionem
1309 1468 1459 1507 duobus
1500 1465 1740 1520 sequentibus
1764 1500 1775 1519 ,

485 1533 576 1574 hinc
612 1543 752 1573 trunco
786 1531 926 1571 canalis
957 1541 996 1570 et
1028 1530 1215 1584 sanguinis
1249 1532 1376 1571 motui
1421 1533 1660 1572 contrariam
1701 1533 1773 1571 ob-

485 1599 646 1649 tinens,
712 1596 814 1635 haud
865 1596 1081 1636 direstione
1122 1595 1363 1636 horizontali
1405 1605 1449 1634 γε
1492 1596 1571 1635 duo
1615 1595 1777 1648 sequen—

486 1663 538 1702 tia
562 1694 571 1712 ‚
606 1673 729 1714 neque
763 1659 941 1700 deoriiim
965 1692 975 1711 ,
1019 1673 1157 1700 verum
1202 1659 1330 1700 versus
1372 1659 1567 1712 superiora
1608 1671 1775 1715 progre-

486 1727 626 1765 diatur.
729 1724 819 1765 Post
865 1725 1098 1764 eorumdem
1144 1726 1222 1764 iam
1249 1756 1260 1774 ‚
1314 1724 1427 1764 cultri
1477 1724 1587 1776 apice
1631 1723 1770 1763 fiet-am

486 1789 728 1830 effusionem
763 1798 803 1828 et
833 1788 1098 1839 abrasionem,
1133 1802 1205 1841 qua
1239 1790 1388 1840 integra
1422 1796 1461 1826 et
1496 1788 1594 1827 nuda
1628 1787 1774 1827 consti-

485 1855 610 1898 tutio,
647 1864 686 1892 et
718 1853 963 1892 conditiones
997 1853 1261 1892 vertebrarum
1297 1852 1418 1891 oculis
1452 1860 1630 1903 paterent
1653 1884 1663 1902 ,
1698 1862 1774 1891 tres

487 1919 661 1970 protinus
693 1917 968 1956 emanatione>
1001 1916 1061 1956 seu
1097 1916 1228 1956 foueae
1260 1928 1327 1968 per
1355 1916 1509 1968 amplae
1540 1926 1648 1954 cram
1677 1928 1773 1953 con-

485 1981 658 2034 spicuae,
696 1980 797 2020 haud
830 1981 941 2020 aliter
974 1994 1017 2020 ac
1052 1981 1078 2020 si
1114 1993 1182 2033 per
1215 1981 1406 2019 terebram
1437 1980 1559 2018 essent
1586 1979 1771 2018 efforma-

482 2055 566 2086 tae:
604 2047 704 2086 inter
737 2058 824 2099 quas
857 2054 1014 2096 tamen,
1055 2045 1227 2084 mediam
1262 2056 1357 2097 quac
1395 2043 1578 2083 videlicet
1612 2044 1646 2080 in
1683 2054 1771 2079 rer*

1638 2106 1767 2143 telis-..lc
