1932 2641
453 96 541 138 370
576 82 658 127 DE
687 77 1007 126 RVSSORVM
1040 75 1234 119 PRIMA
1267 76 1682 124 EXPEmTIoNE

447 202 643 257 pmebe0‚
676 211 768 239 cum
801 195 937 238 auc‘tor
969 194 1022 236 est
1055 194 1301 236 Michaelem
1321 195 1615 249 Imperatorem
1649 206 1751 239 terra

448 266 625 319 marique
654 263 874 303 exercitum
906 256 1054 300 duxisse
1088 259 1128 299 in
1161 255 1414 311 Bulgariam,
1447 257 1637 314 Bulgaros
1664 275 1753 302 ma·-

445 328 490 369 lo
522 328 590 368 suo
622 327 780 366 attritos
811 336 948 379 pacem
984 321 1166 377 petiisse,
1201 323 1423 376 principem
1457 327 1608 373 gentis,
1645 322 1756 373 (Go-

448 392 590 433 borem
623 401 666 430 vt
699 388 879 442 Symeon
912 386 1139 440 Logotheta
1160 389 1257 435 (10)
1291 385 1352 426 sen
1384 383 1590 437 Bogorem
1613 400 1654 428 vt
1674 387 1757 428 Ce-

449 456 593 496 drenus
625 453 770 506 habet)
805 454 868 503 (1)
901 464 922 491 a
958 449 1180 490 Patriarcha
1214 450 1454 504 baptizatum
1489 460 1527 490 et
1556 464 1577 490 a
1599 451 1758 492 Micha-

450 519 513 560 ele
535 519 783 572 Imperatore
816 515 1062 567 susceptum,
1096 525 1246 571 nompn
1278 511 1499 555 mutauiffe.
1546 513 1656 555 Nam
1677 514 1759 555 Ce-

450 583 614 633 drenus‚
648 580 817 620 Ioannes
853 576 1122 632 Cnropalata‚
1158 573 1339 619 Zonaras
1381 577 1552 618 Nicetae
1592 578 1760 632 Paphla-

451 646 548 699 goni
581 642 851 694 consentiunt,
885 640 1074 695 Bulgatos
1105 640 1242 696 sponte
1274 641 1337 683 sua
1369 641 1418 683 ad
1452 641 1554 682 sacra
1587 642 1763 683 christia-

454 721 502 749 na
544 706 746 749 acceffiffe.
817 706 908 748 Hoc
951 706 1078 761 ipsum
1123 705 1360 747 confirmare
1403 706 1555 746 videtur
1597 706 1763 760 epistola

453 771 587 813 Photii
600 769 850 825 Patriffgchae
869 769 1030 812 adhunc
1043 769 1291 812 Michaelem
1303 769 1509 824 Bulgariae
1519 770 1759 824 Principem.

457 838 519 878 At
552 848 651 877 vero
684 835 788 876 hunc
825 834 1070 877 Michaelem
1106 848 1127 875 a
1162 834 1382 876 Patriarcha
1421 835 1663 887 baptizatum
1702 833 1764 874 fu-

454 900 550 953 iffe,
588 909 743 940 tantum
779 900 904 951 abest,
940 909 986 940 vt
1019 898 1183 940 Photius
1214 898 1399 939 adfirmet
1432 898 1498 935 illa
1518 898 1558 934 in
1577 898 1766 948 epistola,

456 974 503 1005 vt
535 977 556 1004 e
589 965 790 1004 contrario
824 977 872 1005 ne
906 963 1034 1005 visum
1070 963 1232 1018 quidem
1265 961 1332 1002 fibi
1365 959 1589 1011 Principem
1619 958 1769 1011 doleat,

458 1026 564 1067 suam
598 1027 854 1065 solummodo
889 1037 1054 1078 operam
1087 1028 1127 1064 in
1164 1038 1214 1064 eo
1247 1023 1516 1063 conuertendo
1552 1022 1766 1074 praedicet.

457 1090 550 1130 Fuit
582 1089 703 1140 igitur
735 1089 776 1126 in
811 1086 992 1139 Bulgaris
1025 1087 1204 1126 ecclesiae
1236 1085 1489 1138 aggregandis
1521 1098 1664 1139 magna
1683 1098 1771 1140 pars

458 1151 607 1194 Photio
644 1149 911 1201 patriarchae,
946 1162 1045 1204 quae
1076 1161 1139 1190 res
1173 1149 1420 1190 occasionem
1439 1149 1543 1189 dedit
1562 1150 1648 1190 aliis
1667 1162 1768 1204 pro-

460 1216 578 1258 dendi
612 1214 662 1255 ab
706 1214 850 1255 eodem
896 1212 1116 1255 Patri-archa
1159 1209 1286 1255 sancta
1332 1213 1518 1265 mysteria
1566 1212 1771 1268 suscepifl‘e

462 1278 709 1323 Michaelem
743 1279 983 1332 Principem.
1057 1276 1239 1330 Symeon
1270 1276 1501 1331 Logotheta
1534 1277 1772 1332 baptismum

464 1341 568 1383 hunc
603 1340 651 1379 ad
687 1347 869 1391 quartum
901 1350 1048 1378 annum
1082 1340 1297 1382 Michaelis
1328 1341 1589 1395 Imperatoris
1624 1339 1770 1392 refert,

462 1406 541 1447 fine
573 1403 621 1442 ad
641 1403 694 1441 A.
720 1399 769 1440 C.
800 1405 903 1451 859.
974 1401 1323 1455 Historiographus
1342 1403 1549 1444 Ruthenus
1567 1403 1616 1442 ad
1635 1403 1769 1445 Α.Μ.

469 1472 525 1518 63
534 1470 609 1506 66.
646 1463 804 1517 Bagam·
845 1464 1040 1519 baptizati
1067 1458 1157 1518 sunt
1170 1495 1182 1515 ,
1210 1462 1367 1518 septimo
1408 1476 1502 1505 anno
1544 1463 1767 1509 Michaelis.

466 1531 576 1574 Haec
609 1541 689 1569 non
722 1527 950 1568 cohaerent.
1019 1528 1158 1568 Annus
1177 1527 1244 1568 ille
1272 1528 1411 1569 mundi
1432 1541 1454 1568 a
1473 1528 1561 1570 Kal.
1583 1529 1774 1584 Septem-⁴

467 1595 590 1636 tribus
623 1594 676 1634 A.
701 1590 754 1633 C.
781 1596 883 1642 857.
911 1591 1120 1633 secundum
1152 1604 1301 1632 annum
1333 1590 1548 1633 Michaelis
1579 1595 1774 1647 continet,

463 1659 653 1713 septimus
685 1669 785 1697 vero
817 1669 939 1697 annus
970 1654 1097 1698 A.C.
1126 1660 1229 1696 862.
1298 1654 1347 1697 Id
1388 1654 1514 1709 ipsum
1562 1656 1605 1698 in
1643 1654 1775 1699 Grae-

466 1736 515 1765 co
548 1722 681 1776 aliquo
712 1721 895 1776 reperisse
929 1721 1082 1762 videtur
1117 1719 1482 1774 Historiographus:
1536 1733 1630 1762 nam
1674 1721 1775 1762 nihil

469 1787 566 1827 certi
600 1785 754 1826 definiri
788 1784 927 1838 potest.
997 1784 1198 1841 Quidquid
1235 1785 1316 1824 eius
1349 1785 1409 1824 rei
1442 1783 1510 1836 fit,
1553 1797 1646 1825 cnm
1689 1785 1773 1826 Ni-

469 1860 573 1890 cetas
606 1847 820 1892 Rufforum
855 1849 1158 1902 expeditionem
1191 1856 1281 1889 ante
1313 1845 1418 1889 hunc
1450 1859 1599 1889 annum
1631 1850 1773 1903 ponit,

470 1914 573 1954 vitio
608 1913 774 1953 laborat.
842 1911 942 1953 Non
963 1925 1090 1966 nego,
1126 1910 1326 1966 Ignatium
1346 1911 1612 1954 patriarcham
1631 1913 1672 1953 in
1691 1913 1778 1954 Te-

472 1976 658 2018 rebintho
693 1975 812 2016 insula
847 1974 982 2028 fuisse,
1019 1989 1111 2017 cum
1144 1975 1254 2019 Ruffi
1274 1975 1414 2018 insulas
1434 1975 1687 2030 Propontidis
1702 1977 1776 2017 de-

474 2040 663 2081 uastarent
683 2038 869 2080 hostilem
889 2041 929 2080 in
949 2041 1145 2093 modum,
1180 2049 1353 2082 attamen
1374 2053 1466 2081 cum
1496 2039 1658 2081 Nicetas
1675 2053 1776 2080 con-

1647 2105 1774 2150 cedit,

557 2179 635 2218 (ιο)
656 2189 683 2219 Ρ·
706 2190 777 2219 440·
819 2180 876 2221 (1)
898 2188 927 2219 1>⁴
952 2187 1023 2220 540-
