1932 2641
281 85 362 127 DE
394 79 837 133 CIRCVLATIONE
868 81 1204 125 SANGVINIS.
1330 95 1414 135 291

129 204 329 245 nimarum
361 203 402 243 in
434 214 549 242 ramo
564 233 575 254 ,
611 201 727 243 altero
761 207 865 244 tanto
884 203 1002 242 minor
1020 203 1139 255 effer,
1175 217 1218 244 ac
1246 204 1286 243 in
1310 212 1420 244 trun-

127 281 178 308 co
198 282 209 321 3
245 270 273 310 fi
291 267 422 308 iisdem
441 268 656 319 gauderent
679 269 886 321 aperturis:
925 279 1010 305 non
1029 266 1192 307 dubium
1214 269 1291 320 est,
1327 270 1419 322 quin

124 335 241 372 tertia
267 339 366 385 pars
401 332 594 384 portionis
627 330 858 383 [anguineae
890 330 931 369 in
968 343 1126 371 ramum
1159 332 1418 385 delaberetur,

128 396 242 435 binae
274 404 404 436 autem
438 396 610 449 reliquae
645 396 784 435 tertiae
817 405 947 448 partes
980 395 1020 433 in
1042 403 1180 434 trunco
1202 398 1420 449 progrede-

124 469 272 500 rentur.
343 457 448 499 Cum
482 472 583 501 vero
616 458 691 500 hae
729 459 879 499 nostrae
917 457 1202 512 suppositiones
1244 460 1345 499 inter
1384 459 1420 499 ie

125 523 202 565 sint
235 525 276 564 in
311 525 465 564 ratione
498 525 676 576 infinities
706 523 908 566 variabili:
944 524 1063 576 igitur
1081 524 1205 579 diuifio
1224 524 1422 578 portionis

121 587 352 641 sanguineae
385 588 565 629 similiter
597 591 752 630 variari
785 587 973 628 infinities
1010 588 1157 640 potest,
1192 588 1271 640 ita,
1306 597 1374 639 vt,
1394 588 1420 629 si

122 651 348 705 speciminis
381 650 506 693 caussa
541 653 669 694 casum
691 653 859 705 allegare
865 651 1192 708 stmplicfffimum,
1227 662 1266 693 et
1286 662 1423 692 extre-

120 716 280 755 mitates
312 718 414 759 rami
452 717 500 758 ad
533 730 658 758 vnum
693 729 837 757 omnes
870 717 1065 758 obturatas
1098 717 1246 770 fingere
1265 717 1419 768 liceret,

118 781 253 820 omnis
286 794 349 820 res
384 794 506 834 aeque
540 782 773 823 considerari
810 780 957 835 posset,
991 794 1035 821 ac
1077 781 1104 821 fi
1143 780 1259 821 nullus
1301 781 1417 834 plane

119 854 249 884 ramus
281 844 441 897 adeffet3
480 854 643 899 totaque
675 845 868 898 languinis
902 847 1037 898 portio
1072 855 1161 886 tunc
1195 845 1336 886 relicto
1356 845 1422 885 di-

118 906 276 947 uisionis
308 907 485 948 confinio
519 910 559 950 in
583 905 662 963 solo
683 919 820 950 trunco
839 909 874 949 se
894 920 1149 961 contentum,
1184 923 1229 950 ac
1258 910 1420 962 portio-

125 970 167 1011 ni
200 982 327 1011 nouae
358 986 380 1011 a
414 982 528 1025 tergo
561 973 776 1027 insequenti
808 973 947 1013 locum
979 973 1198 1012 concessura
1230 972 1335 1011 effer.

243 1100 277 1148 ξ.
316 1112 390 1149 33.
426 1099 539 1139 Patet
570 1100 688 1151 igitur
719 1100 849 1139 denuo
882 1100 1171 1150 (§.31.32.),
1215 1111 1268 1139 ex
1299 1111 1419 1153 quan=

123 1164 233 1204 titate
265 1170 303 1202 et
335 1165 551 1217 capacitate
580 1174 790 1213 ramorum,
826 1173 866 1202 et
901 1162 1063 1203 iliorum
1095 1163 1145 1202 ad
1177 1171 1336 1203 truncos
1354 1175 1419 1203 re-

128 1226 290 1277 latione,
325 1227 378 1266 ita
413 1228 516 1267 nude
550 1227 792 1266 considerata
826 1226 924 1267 nihil
965 1226 1148 1267 concludi
1190 1225 1321 1279 poffe,
1355 1227 1418 1267 sed

122 1289 406 1343 distributionem
437 1290 631 1340 sanguinis
672 1290 720 1328 ab
753 1289 858 1326 illius
890 1289 1002 1340 ipfiUS
1035 1292 1245 1341 quantitate
1278 1302 1322 1328 ac
1357 1304 1419 1329 ce-

119 1352 284 1403 leritate,
312 1365 386 1404 qua
405 1352 638 1391 arteriarum
659 1351 932 1391 extremitates
959 1352 1167 1403 egreditur,
1183 1352 1418 1406 dependeree

122 1417 318 1472 Quamuis
337 1416 472 1468 igitur,
493 1425 538 1455 vt
557 1415 793 1467 exemplum
813 1412 921 1468 supra
935 1417 1308 1468 (§.25.)allegatum
1320 1418 1419 1457 reti-

122 1493 302 1531 neamus,
331 1480 497 1520 arteriae
516 1478 772 1519 intercostalis
793 1479 965 1519 ramulus
1003 1480 1137 1519 minor
1179 1480 1251 1531 sit,
1298 1494 1414 1534 quam

121 1545 285 1585 renalis:
322 1543 408 1584 fieri
442 1553 574 1585 tamen
608 1542 761 1596 potest,
804 1552 848 1582 vt
888 1543 1087 1596 portionis
1132 1543 1360 1597 sanguineae
1395 1558 1417 1585 e

119 1610 240 1649 corde
272 1609 474 1662 proiectae
507 1620 594 1662 pars
627 1607 757 1647 multo
791 1607 922 1647 maior
954 1608 1055 1646 intra
1089 1607 1202 1648 illum
1247 1610 1417 1662 recipia—

120 1682 206 1724 tur,
240 1685 359 1725 quam
394 1673 494 1712 intra
531 1672 720 1712 renalem.
787 1670 970 1712 Similiter
1001 1683 1062 1710 res
1094 1670 1129 1710 ie
1158 1671 1302 1712 habere
1323 1683 1416 1726 pot-

123 1738 176 1778 est
207 1738 310 1777 inter
343 1737 503 1777 arterias
535 1736 686 1777 renales
718 1746 758 1776 et
790 1735 987 1790 reliquum
1023 1746 1155 1776 aortae
1175 1746 1373 1777 truncum.

243 1859 281 1906 §.
321 1878 394 1914 34.
430 1865 568 1905 Portio
612 1863 818 1917 sanguinea
867 1864 1041 1918 primam
1082 1865 1416 1905 ramificationem

124 1924 187 1979 (ὗ.
211 1931 310 1979 30.)
344 1925 570 1980 transgressa
604 1928 644 1966 in
677 1938 811 1968 aortae
830 1939 970 1968 trunco
990 1928 1140 1981 pergit,
1176 1930 1299 1970 donec
1322 1942 1416 1982 per-

124 2003 284 2032 uentum
321 1993 369 2032 sit
400 1993 447 2033 ad
479 1992 710 2050 diuisionem
730 2004 871 2032 nonam.
941 1993 1050 2032 Turn
1073 2005 1171 2033 vero
1192 2008 1236 2034 ca
1257 1996 1409 2045 omnia,

125 2057 252 2098 eadem
283 2059 426 2100 ratione
456 2063 494 2098 et
526 2057 651 2098 ordine
682 2055 718 2095 sc·
750 2056 920 2108 habent,
956 2070 1050 2111 quae
1083 2058 1130 2098 de
1151 2059 1332 2099 confiniis
1349 2071 1415 2097 ra—

696 2119 773 2161 Oo
812 2134 834 2159 2
1352 2121 1412 2163 mi
