1932 2641
278 114 360 161 DE
398 108 843 161 CIRCVLATIONE
883 107 1221 160 εΑΝσνιΝιε,
1344 127 1430 169 297

143 238 353 293 recipiunt,
386 235 451 278 sed
484 236 525 277 in
557 247 677 277 venas
709 233 978 276 transfundunt
1011 230 1066 285 (ξ.
1092 237 1189 289 24):
1236 234 1434 291 similiter,

142 312 327 356 tempore
360 300 528 341 astionis
559 300 834 341 extremitates
867 299 1098 341 arteriarum
1139 299 1351 354 quiescunt,
1388 310 1430 343 et

139 364 242 407 nihil
275 366 335 415 (§.
362 367 455 415 38.)
477 377 546 419 per
578 364 662 405 illas
695 364 736 405 in
769 375 886 404 venas
906 362 1200 404 transfunditur.
1269 365 1429 421 Quem-

138 429 361 469 admodum
415 430 535 483 igitur
585 429 750 470 arteriae
784 440 854 482 per
885 427 993 470 vices
1028 428 1249 482 replentur,
1284 437 1324 468 et
1359 429 1431 469 de-

137 492 325 546 plentur,
359 493 413 534 ita
445 503 484 533 et
516 506 642 534 venae
686 505 757 548 per
799 493 904 532 vices
945 490 1172 546 sanguinem
1215 492 1428 546 recipiunt:

135 557 199 597 sed
232 567 366 598 tamen
405 557 681 598 diuerfimode.
754 553 920 609 Sanguis
953 556 995 596 in
1029 557 1189 598 arterias
1226 556 1433 610 proiicitur

136 621 180 661 vi
213 621 372 675 cordis;
408 621 448 661 in
481 633 599 662 venas
631 629 764 663 autem
799 618 1077 662 transfunditur
1111 622 1152 662 vi
1196 623 1431 662 arteriarum

135 685 446 727 contrastilium.
513 686 623 726 Tota
656 686 792 740 portio
812 697 889 725 vna
909 686 1039 726 cordis
1057 686 1214 727 actione
1236 685 1432 738 proiecta,

135 747 178 787 in
224 761 346 790 vnum
389 749 566 791 canalem
609 749 839 790 arteriosum
882 750 1039 802 transis,
1084 750 1255 804 aequalis
1297 758 1432 789 autem

133 812 258 852 maffa
296 813 576 854 transfunditur
610 815 652 853 in
688 826 807 854 venas
840 812 1065 854 canaliculis
1083 814 1237 868 partitis
1263 844 1275 864 ‚
1297 813 1434 867 quibus

133 876 346 916 necessario
378 875 571 929 sanguinis
604 877 726 918 massa
759 878 801 917 in
835 877 1105 931 portiunculas
1138 878 1327 919 minimas
1366 877 1434 917 di-

134 939 298 980 uiditur.
367 940 493 981 Aetio
528 941 660 981 cordis
693 940 912 996 impetuosa
947 943 1025 994 est3
1063 940 1261 983 transfiifio
1294 949 1430 980 autem

132 1001 265 1056 lente,
299 1001 440 1044 blande
473 1017 518 1046 ac
551 1005 782 1047 minutatim
815 1004 1011 1059 procedit.

253 1131 286 1180 ξ.
323 1143 398 1181 40.
435 1130 549 1173 Dum
584 1130 734 1185 sanguis
769 1134 808 1172 in
842 1134 953 1174 venis
986 1140 1193 1173 contentus
1226 1146 1296 1187 per
1321 1144 1433 1175 acce-

137 1194 273 1234 dentes
305 1207 433 1235 nouos
465 1195 654 1235 humores
686 1205 873 1249 augetur,
909 1197 1048 1238 eadem
1083 1197 1287 1248 accidunt,
1329 1208 1429 1252 quae

135 1258 183 1297 de
214 1259 366 1298 arteriis
397 1260 448 1308 (§.
477 1272 549 1309 23.
578 1261 670 1309 24.)
690 1260 876 1300 diximus.
946 1259 1058 1300 Idem
1080 1261 1198 1311 igitur
1224 1262 1329 1301 valet
1361 1273 1428 1302 ra-

133 1321 344 1359 tiocinium
382 1322 422 1358 in
455 1321 540 1359 casu
572 1322 706 1359 simili.
774 1323 859 1361 Aut
892 1323 1000 1361 enim
1021 1352 1031 1371 ,
1067 1323 1154 1374 quia
1188 1335 1311 1364 venae
1344 1323 1434 1377 ple-

133 1396 206 1423 nae
240 1382 348 1435 sunt,
383 1382 518 1423 auctus
550 1382 701 1424 humor
735 1394 846 1425 extra
880 1398 1000 1426 venas
1033 1385 1167 1426 locum
1202 1387 1270 1428 fibi
1309 1400 1430 1441 quae-

132 1447 207 1498 rit,
264 1456 329 1487 aut
381 1460 504 1487 venae
565 1448 710 1488 debent
772 1449 950 1498 dilatari,
1013 1459 1057 1489 vt
1098 1451 1229 1491 maior
1270 1452 1429 1492 illarum

129 1511 323 1565 capacitas
356 1512 529 1563 oriatur,
561 1511 657 1553 fasta
677 1513 809 1565 quauis
829 1511 1077 1553 transfusione
1100 1525 1217 1553 noua.
1289 1515 1334 1555 In
1363 1529 1427 1555 ar-

129 1576 238 1615 teriis
270 1585 433 1629 vtraque
466 1576 682 1617 methodus
717 1578 775 1627 (ξ.
806 1580 905 1627 17.)
938 1577 1074 1617 locum
1108 1575 1270 1632 habuit3
1307 1591 1428 1632 quae-

129 1650 225 1678 nam
258 1649 390 1679 autem
424 1641 578 1693 quando
610 1650 650 1681 et
681 1641 890 1696 quomodo
923 1642 964 1682 in
998 1642 1109 1682 venis
1142 1641 1345 1685 accidant?
1379 1655 1424 1683 ea

130 1713 230 1743 vero
264 1703 345 1743 iam
382 1704 620 1746 videbimus.

249 1833 285 1881 ξ,
319 1844 392 1881 41.
429 1833 566 1874 Primo
597 1833 785 1888 quidem,
821 1848 888 1876 me
922 1848 1004 1875 non
1039 1848 1256 1889 monente,
1290 1847 1419 1892 patet:

129 1907 209 1934 non
248 1896 296 1934 dc
330 1908 380 1935 eo
414 1898 573 1949 quaeri,
609 1911 658 1937 an
691 1911 815 1938 venae
848 1901 970 1940 etiam
1004 1901 1076 1941 sint
1103 1901 1348 1944 dilatabiles?
1382 1902 1423 1943 id

130 1960 238 1998 enim
259 1961 448 1999 materiae
468 1960 627 2001 illarum
647 1960 860 2003 neceffario
882 1965 928 2014 (ξ.
944 1968 1008 2015 9.)
1028 1968 1240 2021 conuenit,
1278 1979 1420 2021 neque,

130 2034 177 2061 an
213 2035 336 2063 venae
369 2023 579 2065 dilatentur
613 2027 938 2081 nonnumquam?
970 2029 1160 2084 siquidem
1181 2031 1427 2086 experientia

128 2084 216 2125 satis
251 2088 470 2142 docemur,
504 2103 624 2132 venas
659 2091 739 2132 alio
775 2100 958 2147 tempore
992 2095 1142 2149 magis,
1176 2096 1257 2136 alio
1295 2096 1424 2136 minus

128 2149 235 2192 Tom.
271 2152 351 2193 VI.
734 2156 801 2210 Pp
1334 2168 1419 2200 tur-
