1932 2641
470 133 523 179 98
561 123 842 168 cfflTEmA
875 122 1183 186 QVAEDAM
1217 125 1669 185 AEQVATJONVM

470 241 865 301 Cizl'l‘ERIA
931 239 1365 310 QVAEDAM
1436 243 1758 315 AEQVA„

583 341 826 385 TIONVM
879 340 1136 398 QVARVM
1190 340 1390 382 NVLLA
1451 344 1641 387 RADIX

851 415 1211 461 RATIONALIS
1255 416 1379 459 EST.

972 501 1258 546 AVCTORE

1025 582 1088 642 C.
1127 579 1202 643 G.

642 717 774 758 Trum
807 715 989 769 aequatio
1022 714 1111 756 data
1145 725 1324 770 quartam
1370 718 1604 772 potestatem
1647 731 1769 760 exce-ff

675 782 771 823 dens
805 781 978 821 radicem
1011 781 1249 822 rationalem
1282 782 1465 823 admittat
1483 783 1681 824 methodis
1700 784 1773 824 ad·-

678 846 753 887 huc
787 845 957 899 cognitis
990 857 1072 885 non
1106 846 1219 886 aliter
1253 847 1429 900 indagari
1463 850 1611 902 poterit
1652 861 1771 902 quam

476 911 611 952 Vltimi
632 912 817 962 termini,
854 923 974 964 quem
993 909 1214 951 absolutum
1234 921 1404 964 vocant,
1426 911 1612 952 diuisores
1632 925 1774 952 omnes

475 976 744 1029 inuestigaudo
779 984 819 1015 et
851 974 1084 1015 diuisionem
1117 976 1360 1030 aequationis
1403 989 1473 1030 per
1514 977 1774 1030 quantitatem

478 1040 725 1092 incognitam
768 1053 861 1080 cum
903 1039 1133 1079 huiusmodi
1174 1040 1344 1080 diuisore
1384 1040 1493 1092 signo
1538 1047 1602 1084 -ἱ-
1638 1040 1703 1078 vel
1736 1062 1775 1068 —

476 1104 730 1143 coniunctam
773 1104 989 1154 tentando3
1044 1104 1112 1142 etfi
1145 1116 1242 1143 vero
1275 1103 1323 1142 de
1355 1103 1562 1155 seligendis
1593 1103 1778 1144 diuisori-

479 1168 548 1207 bus
581 1166 715 1207 vltimi
749 1166 912 1206 termini
947 1165 995 1205 ad
1028 1165 1127 1206 hanc
1148 1179 1234 1206 rem
1255 1167 1405 1208 idoneis
1435 1178 1640 1220 praecepta
1660 1180 1779 1220 quae-

479 1232 570 1271 dam
603 1232 685 1270 dari
720 1242 802 1269 non
836 1230 1046 1280 ignorem,
1080 1231 1214 1280 negari
1249 1241 1329 1267 non
1372 1229 1524 1282 potest⁷
1567 1229 1593 1269 fi
1635 1230 1775 1271 cocffi-

479 1296 625 1335 cientes
658 1304 697 1333 et
732 1291 807 1346 ipse
841 1304 1022 1332 numerus
1054 1290 1247 1332 absolutus
1279 1293 1485 1346 permagni
1520 1292 1661 1333 fuerint
1699 1293 1777 1333 hoc

481 1369 682 1400 tentamen
716 1356 1029 1410 operofissimum
1062 1355 1172 1407 sieri,
1215 1357 1346 1408 quodsi
1397 1367 1596 1409 praeterea
1637 1356 1775 1395 coeffi-

483 1424 626 1463 cientes
659 1420 725 1462 vel
760 1419 837 1473 ipse
874 1421 1065 1461 terminus
1097 1419 1291 1458 absolutus
1325 1431 1376 1458 ex
1410 1419 1688 1472 quantitatibus
1717 1420 1781 1459 ina

483 1485 754 1527 determinatis
786 1484 1000 1537 compositi
1035 1482 1204 1534 fuerint,
1236 1493 1538 1536 praeceptorum
1571 1482 1781 1524 huiusmo-

483 1552 520 1591 di
557 1551 605 1590 de
640 1548 843 1602 seligendis
876 1546 1107 1588 diuisoribus
1140 1548 1224 1588 vius
1256 1547 1327 1587 vix
1346 1547 1446 1588 vllus
1466 1548 1561 1603 erit3
1599 1548 1782 1588 animad-

483 1615 583 1656 uerti
618 1624 751 1654 autem
787 1612 1002 1652 innumeris
1036 1611 1177 1652 casibus
1209 1611 1293 1651 fieri
1339 1612 1474 1666 poffe,
1516 1623 1560 1653 vt
1601 1613 1779 1666 quamuis

486 1679 619 1733 magni
653 1687 692 1718 et
727 1676 1002 1731 quantitatibus
1036 1677 1348 1717 indeterminatis
1380 1677 1570 1731 permixti
1607 1677 1677 1717 fint
1710 1690 1781 1716 co-

487 1743 700 1785 efficientes
734 1751 775 1782 et
794 1742 985 1781 terminus
1003 1738 1221 1792 absolutus,
1257 1750 1389 1782 tamen
1409 1742 1685 1794 aequationem
1710 1741 1781 1780 da-

486 1818 569 1848 tam
603 1805 743 1848 radicis
775 1807 977 1847 rationalis
1008 1806 1178 1846 omnino
1212 1815 1418 1858 expertem
1453 1802 1528 1845 effe
1562 1817 1613 1844 ex
1647 1815 1781 1846 natura

488 1871 797 1913 coefficientium
835 1880 875 1910 ct
907 1869 1068 1911 termini
1102 1868 1266 1909 absoluti
1300 1883 1382 1910 vno
1425 1868 1528 1924 quasi
1569 1879 1780 1910 momento

491 1946 701 1992 appareat,
736 1936 782 1975 de
816 1935 952 1989 quibus
984 1934 1127 1975 casibus
1160 1947 1259 1974 nune
1292 1935 1423 1975 dicere
1457 1933 1659 1974 constitui:

608 2040 768 2080 Litteris
801 2054 839 2081 a.
864 2041 900 2081 b.
924 2054 957 2082 c.
981 2053 1021 2081 x.
1048 2055 1084 2080 α.
1111 2040 1154 2097 β
1183 2050 1258 2081 etc.
1296 2040 1392 2081 item
1415 2039 1578 2081 nominc
1598 2039 1753 2079 numeri
1769 2069 1780 2089 ,

490 2103 664 2146 diuisoris
697 2115 736 2145 et
768 2105 905 2146 residui
950 2106 991 2145 in
1034 2104 1280 2160 sequentibus
1313 2106 1600 2148 denotabuntur
1630 2103 1781 2143 numeri

1678 2176 1785 2207 inte-
