1932 2641
531 102 618 142 3¹2
739 81 978 128 AORTAE
1012 80 1088 123 ET
1118 79 1333 125 SPINAE
1366 82 1655 126 DORSALIS

524 206 624 247 mihi
642 203 847 247 vis-issum.
895 199 1102 244 Nonnuiia
1122 197 1275 240 formae
1295 201 1505 256 oblongae,
1525 216 1617 243 cum
1654 212 1820 255 *troque

526 271 702 324 margine
739 268 974 308 conniuente
1012 264 1059 304 ad
1096 263 1405 316 profunditatem
1447 280 1469 304 2
1499 269 1569 307 lin.
1609 276 1815 306 excauata:

525 335 617 376 Alia
638 335 783 386 figurae
803 331 1016 379 circularis,
1038 337 1076 367 et
1101 329 1230 367 variae
1251 326 1716 384 proiiinditatis,quorum
1739 342 1819 369 uon

525 400 629 440 nulia
658 398 770 451 digiti
800 405 1027 436 extremum
1059 390 1171 430 filcile
1207 393 1418 430 admittere
1441 392 1689 434 videbantur:
1727 394 1819 434 Alia

526 464 706 516 obliquo,
735 460 901 509 sinuoso,
924 468 963 496 et
990 456 1149 508 angusto
1179 454 1354 505 orificio,
1383 455 1485 508 quod
1515 454 1638 496 subito
1671 459 1710 497 in
1730 470 1817 498 am*

528 528 637 581 piam
657 525 796 565 roffam
818 522 1046 571 rotundam,
1073 532 1154 558 ouo
1182 519 1416 559 columbino
1447 520 1550 559 haud
1584 520 1713 561 multo
1741 522 1822 561 mi-

528 603 669 630 norem
690 598 773 628 erat
791 584 1005 640 expansum
1023 615 1034 634 ‚
1055 583 1274 623 cuiurmodi
1305 596 1381 624 vna
1409 584 1564 637 insignis
1583 584 1631 623 ad
1651 583 1824 636 superio—

527 666 611 695 rem
651 652 855 692 lateralem
893 660 935 688 ct
971 648 1161 688 sinistram
1191 656 1344 701 partem
1384 659 1518 689 aortae
1556 657 1639 688 erat
1674 646 1821 700 posita:

527 718 732 758 Postremo
773 714 1028 754 intermixtae
1066 720 1176 752 erant
1214 712 1410 765 plurimae
1448 711 1715 766 impressiones
1745 709 1826 750 fere

528 782 683 836 planae,
720 779 850 819 variae
879 778 1042 830 figurae,
1063 790 1083 816 a
1106 790 1146 815 re
1165 777 1461 829 comprimente
1479 777 1544 817 vel
1564 775 1828 816 contundente

527 845 706 895 effistae,
741 856 832 897 quas
858 854 980 895 aeque
999 854 1043 880 ac
1061 840 1303 892 exteriores,
1333 841 1379 880 de
1398 841 1536 893 quibus
1555 839 1690 892 supra,
1727 837 1827 878 nihil

528 910 631 950 aliud
652 906 728 948 effe
747 907 948 958 coniicio,
977 918 1097 958 quam
1127 905 1403 958 incipientium
1432 905 1739 945 aneurismatum
1760 914 1829 940 ru-

529 975 722 1013 dimenta.
792 969 1020 1019 Caeterum,
1054 969 1267 1009 istiusmodi
1289 968 1431 1015 fossae,
1468 968 1568 1008 finus
1590 976 1629 1004 et
1657 963 1827 1014 alueoli,

533 1047 578 1076 vt
607 1048 748 1075 canum
787 1033 1035 1087 priiic'pale,
1079 1031 1270 1084 stinguinis
1309 1043 1375 1071 aut
1413 1030 1581 1070 cuiusuis
1616 1027 1832 1068 consimilis

532 1099 722 1141 materiae
743 1106 853 1136 erant
875 1106 1071 1147 expertes.
1118 1107 1157 1132 2.
1194 1095 1260 1135 Ad
1277 1104 1456 1134 texturae
1475 1093 1662 1133 laesiones
1680 1091 1833 1132 hicob—

531 1162 719 1211 seru-‚rta5‚
761 1161 841 1200 iam
873 1158 1009 1200 referri
1035 1158 1152 1198 debet
1181 1157 1420 1198 incredibilis
1450 1156 1647 1198 distraetio
1679 1155 1740 1196 seu
1767 1155 1832 1196 di-

533 1227 674 1268 stentio
695 1225 881 1265 fibrarum
897 1253 907 1273 ,
938 1221 1030 1262 hinc
1058 1235 1128 1275 per
1154 1221 1470 1264 attenuationem
1492 1221 1742 1272 substantiae,
1765 1220 1836 1259 iis--

532 1291 629 1330 dem
658 1298 779 1338 aeque
807 1298 853 1325 ac
883 1285 1063 1324 minimis
1092 1283 1254 1324 vasculis
1282 1285 1498 1334 conflatae,
1534 1285 1775 1336 pelluciditas
1793 1291 1834 1321 et

537 1352 643 1407 quod
673 1348 918 1402 consequitur
948 1348 1084 1399 ingens
1109 1345 1158 1386 ad
1187 1356 1389 1398 rupturam
1421 1346 1649 1400 propensio.
1722 1359 1762 1395 3.
1787 1344 1834 1384 ln

539 1414 692 1457 diuersis
729 1413 827 1452 locis
859 1410 1084 1450 substantiae
1112 1409 1336 1449 incrassatio
1365 1410 1607 1450 monticulos
1635 1408 1834 1458 efficiens,

539 1490 709 1533 quorum
737 1475 805 1515 aiii
833 1474 1072 1527 angustiores
1098 1482 1138 1512 et
1167 1472 1313 1525 figurae
1337 1474 1536 1526 oblongae
1560 1505 1571 1525 ,
1626 1473 1694 1513 alii
1722 1471 1836 1524 digiti

540 1541 789 1585 latitudinem
818 1548 1022 1591 aequantes
1043 1569 1054 1589 ‚
1100 1537 1331 1578 membrana
1359 1538 1568 1578 communi
1597 1549 1739 1577 cauum
1767 1537 1837 1575 in·—

540 1607 727 1649 uesticnte
746 1602 927 1643 obdrie‘ti:
965 1615 1038 1654 qua
1067 1601 1264 1653 detracta,
1299 1600 1488 1642 fibrarum
1517 1601 1689 1642 inuicem
1719 1612 1837 1640 com-

542 1671 761 1726 pactarum,
800 1676 839 1706 et
878 1666 918 1705 vi
955 1665 1197 1705 distendente
1218 1664 1344 1706 forfim
1380 1665 1630 1719 abruptarum
1668 1664 1840 1717 hincque

541 1732 828 1777 commeatum
867 1742 1010 1782 agmen
1039 1729 1112 1769 esse
1148 1729 1342 1783 perspexi.
1383 1744 1427 1780 4.
1465 1729 1772 1770 profundiorum
1801 1737 1842 1767 et

544 1807 776 1851 magnarum
803 1793 991 1834 fossarum
1019 1792 1260 1841 incrassatio,
1293 1805 1501 1834 minorum
1532 1806 1554 1833 e
1581 1802 1717 1833 contra
1738 1800 1841 1831 atte-

544 1863 705 1911 nuatio,
741 1858 823 1912 pari
857 1858 1012 1898 ratione
1041 1856 1116 1896 huc
1145 1856 1366 1897 referendae
1391 1873 1399 1898 ;
1435 1858 1569 1914 Quam
1598 1856 1845 1897 incrassatio-

544 1939 656 1977 nem,
684 1922 837 1963 tametfi
856 1921 950 1962 sicca
980 1932 1019 1962 et
1037 1920 1175 1962 fibrosa
1195 1920 1406 1962 substantia
1426 1923 1578 1974 vtrique
1597 1921 1641 1962 sit
1659 1931 1844 1960 commu·
1902 1964 1906 1968 ,

547 1991 632 2040 nis,
668 1988 797 2042 potius
816 1998 838 2025 e
858 1986 977 2025 variis
1006 1985 1175 2026 lamellis
1203 1985 1421 2027 conflatam
1450 1985 1522 2026 esse
1551 1985 1746 2025 fatendum
1768 1981 1846 2034 cst,

550 2065 715 2110 quarum
734 2050 834 2092 aliae
854 2050 1078 2103 tenuiores,
1113 2049 1212 2091 aliae
1240 2049 1452 2104 craffioroe,
1484 2049 1632 2091 coloris
1657 2047 1760 2089 flauo
1786 2045 1847 2085 al-

1708 2110 1844 2150 bican-
