1932 2641
461 88 622 131 MIRA
654 87 996 131 CORRVPTIO.
1285 101 1376 140 309

81 209 317 253 excedebat:
350 207 500 262 Ignoto
534 217 684 260 autem,
713 221 762 249 an
796 207 939 248 alicubi
972 209 1013 248 in
1047 220 1146 249 cauo
1178 206 1380 262 thoracis,

81 290 104 317 a
137 274 307 330 praefata
340 273 450 313 mole
483 283 637 325 nortae,
673 282 714 312 et
751 272 842 311 hinc
882 281 967 312 orta
999 273 1170 325 angustia
1204 283 1244 312 et
1264 286 1383 314 cem-

79 340 288 394 preffione,
305 339 564 391 cuiuscunque
585 337 674 376 vitii
705 337 892 382 Quaedam
914 335 1119 376 manifesta
1147 347 1187 377 et
1219 337 1383 377 senslbus

79 402 284 456 conspicua
322 402 468 443 indicia
502 403 543 441 in
578 400 784 441 visceribus
821 401 1070 454 apparuerint
1109 413 1183 440 nec
1222 399 1303 440 ne?
1327 402 1376 440 de

79 480 131 508 eo
163 467 300 518 enim,
353 467 542 520 quoniam
577 478 643 506 me
694 464 844 505 absente
881 464 978 505 faeta
1013 464 1066 504 est
1103 464 1378 517 inuestigatio,

75 532 222 585 aliquid
256 531 352 570 certi
385 530 582 570 affirmare
614 529 717 569 haud
739 529 844 569 licet.
913 527 1236 581 Caeterum,filb
1258 528 1383 568 istius—-

76 596 189 636 modi
223 595 380 646 habitu,
416 595 538 647 figura
572 604 707 633 nortae
740 594 789 633 sic
826 603 909 634 erat
946 594 1181 644 immutata,
1217 603 1260 634 vt
1297 593 1379 633 iam

76 672 234 713 magna-e
255 660 348 700 Auis
385 659 576 712 ingluuiem
609 657 782 711 perfec‘te
821 659 1078 711 exprimeret.
1116 658 1199 697 vid.
1231 657 1319 709 Fig.
1341 655 1374 696 Ι.

76 725 116 763 in
156 737 229 776 qua
269 722 302 762 B
342 724 606 773 Aneurisma,
644 720 708 761 seu
750 722 968 774 ingluuiem
995 752 1006 772 ,
1050 722 1089 761 A
1125 732 1164 761 et
1198 719 1232 761 C
1267 720 1382 760 orifi-

74 788 183 827 cium
218 786 384 840 superius
415 787 482 827 vel
515 796 669 839 partem
704 799 811 826 arcus
844 796 1093 837 extremam,
1128 784 1190 825 seu
1219 785 1383 839 gulam,

74 862 115 890 et
148 850 336 902 inferius,
376 849 439 890 seu
478 849 749 903 oesophagum
786 850 963 890 denotat.

193 979 227 1027 ξ.
268 981 311 1018 8.
350 978 472 1032 Quod
510 979 591 1018 iam
631 979 801 1019 alterum
840 978 1163 1031 phaenomenum
1211 976 1385 1030 speetat,

78 1054 223 1095 nempe
263 1041 504 1080 exteriorem
542 1042 813 1096 superficiem,
853 1054 950 1095 quae
985 1040 1086 1082 haud
1115 1042 1246 1081 minus
1265 1053 1383 1093 quam

79 1105 202 1158 figura
240 1103 408 1144 mirifice
448 1113 530 1142 erat
563 1104 814 1154 deformata,
860 1105 1174 1145 animaduertere
1223 1112 1386 1156 oportet

80 1169 183 1209 haud
215 1168 341 1208 solum
382 1167 659 1220 aequalitatem
693 1176 733 1206 et
764 1167 1019 1219 laenitatem,
1053 1180 1196 1208 verum
1231 1179 1385 1220 quoque

78 1233 143 1272 vel
173 1231 295 1285 ipffim
326 1231 588 1271 elasticitatem
619 1232 773 1283 penitus
801 1231 993 1271 abolitam
1021 1229 1129 1271 fuisse
1153 1248 1160 1272 ;
1206 1230 1383 1270 Tametfi

78 1296 186 1333 enim
210 1308 328 1333 manu
349 1292 567 1344 compi-effa
589 1304 629 1332 et
647 1294 824 1333 distrat‘ta
841 1323 852 1342 ,
890 1293 994 1331 haud
1024 1295 1156 1332 minus
1183 1293 1384 1345 pristinam

77 1358 297 1398 violentam
331 1356 569 1395 diametrum
604 1355 824 1394 constanter
857 1353 1057 1408 {ertialbat,
1090 1365 1129 1396 et
1151 1356 1269 1408 paulo
1299 1355 1384 1395 for-

76 1422 153 1462 tius
185 1420 520 1473 comprimendo,
554 1419 653 1459 haud
692 1420 821 1459 minus
854 1432 970 1472 quam
1006 1421 1047 1460 in
1081 1420 1271 1460 fractione
1291 1432 1385 1460 cor-

79 1486 166 1525 ticis
199 1485 342 1537 rigidi,
376 1484 584 1537 crepitatio
619 1493 659 1522 et
693 1482 790 1522 siffio
827 1483 983 1522 diuersis
1003 1483 1103 1523 locis
1123 1482 1382 1534 efficiebatur,

81 1559 125 1590 vt
164 1548 261 1589 infra
295 1548 531 1588 videbimus.
600 1547 746 1597 Porro,
788 1556 832 1586 vt
870 1546 954 1586 iam
993 1546 1102 1601 supra
1140 1548 1257 1587 allata
1275 1545 1385 1586 fimi-

79 1613 247 1653 iitudine
286 1612 435 1652 arboris
467 1611 635 1652 nodosae
679 1611 734 1651 est
774 1611 1019 1663 indicatum,
1066 1610 1134 1652 vel
1171 1621 1217 1651 vt
1262 1611 1384 1651 Iami-

80 1689 127 1716 na
167 1675 363 1716 metallica
402 1675 630 1729 profundius
664 1675 872 1726 maneam,
906 1674 965 1714 sed
986 1675 1114 1715 auersa
1149 1684 1258 1729 parte
1279 1673 1382 1715 haud

80 1740 354 1794 complanata,
395 1741 434 1779 iu
472 1753 545 1792 qua
587 1739 730 1792 singula
763 1739 924 1792 vestigia
963 1739 1101 1780 mallei
1139 1741 1318 1780 eminent
1337 1752 1382 1778 ac

77 1806 346 1858 protuberant·⁷
385 1804 434 1844 fic
472 1816 628 1857 quoque
666 1803 798 1843 variae
839 1804 988 1856 figurae
1021 1813 1063 1843 et
1101 1803 1383 1856 magnitudinis

82 1869 304 1919 tuberibus,
337 1869 437 1908 acin
461 1867 606 1908 horum
631 1867 842 1907 interstitio
863 1867 1178 1920 impressionibus
1193 1899 1203 1919 ,
1235 1878 1275 1906 et
1294 1880 1383 1908 ma·-

83 1933 176 1972 culis
217 1931 390 1972 vniuerfa
436 1931 653 1984 [uperficies
701 1941 783 1970 erat
827 1931 1069 1985 exasperata:
1138 1933 1246 1988 Quas
1285 1943 1384 1985 pro-

85 2005 218 2048 pterea
254 1996 423 2036 maculas
456 1996 630 2035 coniicio
669 1994 963 2036 tubercuiorum
1004 1996 1278 2050 incipientium
1304 1992 1380 2036 effe

89 2061 306 2100 rudimenta
323 2072 489 2114 :nempe
510 2060 536 2100 ss
554 2060 614 2099 vis
632 2060 877 2100 contundens
897 2059 1000 2101 haud
1022 2058 1382 2109 intermisiffetmee-

652 2123 724 2179 (ζῆ
761 2136 783 2173 3
1277 2121 1379 2162 ceffe
