1932 2641
303 1699 366 1741 fig.
392 1707 419 1731 1.

489 125 507 153 1
519 114 576 151 26
767 107 917 152 SOLV
916 107 981 152 TI
982 108 1021 151 O
1052 109 1170 154 GEN
1173 110 1353 154 ERALI
1353 110 1386 154 S

480 234 535 273 tia
570 229 742 285 quaestio
764 229 885 271 tribus
906 231 1039 274 modis
1058 230 1185 284 potest
1214 234 1473 286 commutari,
1511 243 1633 289 prout
1660 248 1777 282 curua

480 296 715 339 inuenienda
752 295 818 337 vel
854 297 1140 350 proprietatem
1176 296 1212 336 Α
1253 298 1319 337 vel
1357 296 1391 337 B
1427 299 1494 339 vel
1530 297 1564 339 C
1596 301 1636 340 in
1670 300 1778 342 sum-

481 375 553 404 mo
587 362 759 415 quodam
794 361 910 414 gradu
943 361 1148 400 continere
1169 361 1334 414 debeat,
1372 363 1468 402 dum
1497 364 1655 405 interim
1686 378 1778 407 cur-

481 440 553 468 uae
586 426 810 482 propositae
846 426 938 465 duas
971 425 1142 479 reliquas
1164 427 1426 480 proprietates
1446 428 1658 481 aequaliter
1686 430 1778 484 pos.

481 492 637 534 side-ant.
708 491 798 531 Hoc
818 498 951 530 autem
983 501 1036 529 ex
1059 491 1186 530 modo
1206 490 1381 532 soluendi
1401 503 1564 546 apparet
1579 524 1590 545 ,
1619 507 1709 535 cum
1730 507 1776 542 ea

481 569 599 597 curua
634 555 807 597 maximi
844 555 911 594 vel
946 555 1107 596 minimi
1144 554 1285 595 habeat
1325 558 1638 611 proprietatem,
1684 572 1773 613 quae

481 620 649 661 eandem
685 621 726 660 in
762 619 831 659 situ
865 620 1061 672 proximo
1097 621 1267 674 retinet3
1301 622 1341 662 id
1360 623 1465 676 quod
1485 623 1607 663 etiam
1627 624 1666 663 in
1687 636 1778 664 cur-

480 695 549 733 uas
584 684 725 726 eadem
761 684 1004 740 proprietate
1035 685 1250 736 gaudentes
1286 687 1496 741 competit.

597 816 631 866 ξ.
670 817 713 854 6.
750 814 978 869 Proprietas
1014 826 1113 854 vero
1150 816 1323 856 maximi
1344 816 1408 857 vel
1429 817 1616 870 minimi,
1658 829 1778 871 quam

481 891 600 921 curua
634 881 674 920 in
709 879 770 919 his
804 879 1119 933 problematibus
1153 881 1318 934 quaesita
1357 880 1503 920 habere
1541 882 1681 932 debet⁷
1725 883 1778 921 ita

450 973 455 976 -
483 943 740 997 intelligenda
767 945 846 995 est,
879 953 923 984 ut
955 944 1060 983 nulla
1096 945 1195 985 intra
1241 944 1402 984 eosdem
1437 945 1632 984 terminos
1664 945 1779 984 detur

482 1020 625 1060 curua,
661 1008 729 1049 nisi
762 1008 839 1062 ipfii
873 1008 1064 1062 quaesita,
1099 1021 1196 1062 quae
1230 1007 1485 1062 praescriptas
1515 1007 1658 1046 habeat
1683 1005 1783 1046 affe-

482 1072 658 1123 stiones,
694 1081 735 1111 et
766 1082 849 1111 tam
886 1084 1035 1124 magno
1080 1073 1147 1111 vel
1193 1082 1277 1112 tam
1311 1083 1434 1124 paruo
1470 1070 1592 1122 gradu
1625 1082 1782 1124 propo-

482 1134 594 1177 fitam
629 1135 917 1189 proprietatem
951 1135 1166 1174 contineat.
1234 1134 1294 1175 Ita
1337 1135 1488 1186 cyclois
1521 1133 1621 1175 hanc
1658 1134 1782 1176 habet

483 1208 665 1242 naturam
680 1230 691 1250 ‚
729 1207 780 1241 vt
806 1199 911 1238 nulla
944 1199 1019 1238 alia
1054 1212 1170 1239 curua
1191 1199 1291 1239 intra
1311 1199 1476 1239 eosdem
1497 1201 1690 1239 terminos
1710 1200 1782 1240 da-

483 1263 518 1304 ri
552 1261 690 1316 poffit,
728 1260 840 1314 super
874 1274 944 1314 qua
966 1273 1111 1314 corpus
1147 1261 1378 1302 descendens
1410 1262 1458 1302 ab
1494 1262 1620 1302 altero
1654 1262 1781 1303 adal-

484 1336 616 1367 terum
651 1326 801 1367 minori
838 1335 1025 1378 tempore
1060 1327 1276 1379 perueniat.
1349 1326 1404 1366 Et
1440 1336 1593 1379 praeter
1621 1338 1779 1367 catena-

485 1392 588 1437 riam
623 1403 698 1444 per
731 1390 812 1430 duo
846 1390 986 1443 punCta
1007 1398 1274 1430 transeuntem
1292 1422 1303 1443 ,
1338 1390 1442 1430 nulla
1464 1391 1576 1431 datur
1596 1391 1671 1431 alia
1691 1403 1782 1431 cur—

487 1469 536 1496 ua
571 1455 749 1495 eiusdem
783 1453 1042 1506 longitudinis
1075 1464 1114 1493 et
1136 1455 1236 1494 intra
1258 1455 1395 1495 eadem
1416 1455 1494 1494 duo
1517 1455 1661 1506 puntsta
1682 1467 1784 1494 con*

487 1528 621 1572 tenta,
655 1519 763 1559 cuius
796 1527 976 1559 centrum
1011 1519 1211 1570 grauitatis
1244 1519 1285 1556 in
1319 1518 1502 1557 inferiore
1522 1518 1614 1556 loco
1642 1518 1688 1558 sit
1707 1530 1786 1571 po·-

488 1583 618 1625 fitum.
693 1580 849 1624 Affumi
877 1595 975 1623 vero
995 1580 1154 1636 potsunt
1174 1595 1247 1636 pro
1268 1583 1448 1622 terminis
1468 1580 1529 1622 his
1561 1582 1641 1621 duo
1661 1594 1785 1636 quae-

489 1661 666 1703 cunquae
699 1647 867 1702 puncta,
901 1660 972 1701 per
1004 1661 1101 1700 quae
1135 1660 1251 1687 curua
1285 1647 1450 1700 quaesita
1484 1646 1628 1686 transit.
1695 1645 1785 1687 Sic-

491 1725 567 1768 que
600 1714 641 1754 in
674 1711 847 1764 circulo,
882 1712 945 1766 qui
981 1722 1026 1752 vt
1065 1712 1238 1762 constat,
1276 1712 1329 1751 est
1356 1712 1539 1751 omnium
1569 1709 1783 1761 figurarum

491 1777 759 1835 capaciffima,
795 1777 968 1818 assumtis
1001 1777 1149 1817 duobus
1182 1776 1471 1829 quibuscunque
1505 1773 1658 1828 prind'tis
1690 1772 1783 1826 AB,

491 1855 577 1886 non
611 1841 739 1898 potest
771 1843 939 1883 inueniri
974 1843 1075 1882 inter
1108 1853 1152 1880 ea
1173 1840 1313 1894 punehi
1341 1839 1415 1879 alia
1453 1852 1569 1879 curua
1609 1839 1784 1880 eiusdem

492 1906 751 1961 longitudinis
766 1940 776 1960 ,
812 1921 910 1962 quae
929 1908 1128 1948 maiorem
1150 1904 1341 1945 sedimen}
1363 1917 1480 1958 quam
1501 1901 1630 1956 ABG,
1667 1916 1786 1944 com-

489 1971 720 2031 prehendat.

611 2039 646 2090 ξ.
683 2046 726 2086 7,
765 2037 826 2078 Ad
862 2035 1110 2090 problemata
1133 2034 1282 2089 primae
1304 2033 1424 2074 claffis
1445 2032 1626 2073 soluenda
1646 2029 1787 2071 sufficit

497 2101 575 2145 duo
597 2115 736 2145 curuae
771 2102 972 2144 elementa
1005 2101 1190 2155 contigua
1223 2099 1488 2150 considerare,
1523 2096 1788 2151 quemadmo-

1687 2161 1783 2201 dum
