1932 2641
484 85 645 131 MIRA
678 83 1025 131 eoaanrio.
1341 99 1429 142 307

132 211 204 251 bae
237 209 337 266 parti
372 207 642 262 praecedentis
674 215 714 247 et
746 205 978 261 insequentis
1015 204 1207 259 processus
1243 205 1319 247 sese
1337 220 1431 249 mu-

131 284 202 315 tuo
234 272 538 323 accommodet,
571 273 612 313 id
644 272 750 325 quod
784 267 947 311 Graecis
981 275 1262 326 ’γιγγλυμος
1307 284 1431 313 voca-

133 347 204 378 tur.
273 337 320 377 In
354 336 520 390 praefata
555 336 824 377 articul-atione
858 336 938 376 duo
971 334 1098 375 adhuc
1128 334 1211 375 sunt
1247 337 1431 376 animad-

129 402 339 452 uertenda,
380 414 416 440 1.
454 402 607 454 pinguis
627 399 814 450 materia,
850 412 946 452 quae
983 398 1123 439 ceteris
1152 398 1337 438 iune'turis
1365 399 1430 439 os-

127 465 228 506 fium
262 466 317 506 est
353 467 590 505 communis.
668 477 706 502 2.
746 463 977 504 Tendinum
1019 460 1286 504 musculorum
1330 463 1429 503 dor-

126 528 265 570 salium
301 542 423 570 nexus
456 543 547 570 cum
582 526 816 583 proceffibus
856 529 1002 579 acutis,
1047 539 1165 581 quem
1209 525 1312 567 haud
1353 539 1430 567 ex—

126 593 296 634 trorsum
330 593 392 635 seu
424 595 463 633 in
496 594 612 647 gibba
649 601 775 646 parte,
809 604 953 635 vetum
986 589 1197 633 introrsum
1224 604 1247 632 a
1279 591 1427 632 dextris

123 667 166 697 et
200 658 355 699 sinistris
388 658 475 698 fieri
507 656 725 698 obseruaui.

243 787 369 827 Porro
390 786 607 841 sequuntur,
640 786 801 841 propria
821 785 1035 840 ligamenta
1056 785 1303 840 processuum
1323 784 1430 827 obli·

123 862 295 904 quorum
329 860 412 890 tam
444 850 688 903 superiorum
723 864 840 904 quam
875 850 1134 901 inferiorum,
1169 862 1269 904 quae
1300 861 1323 889 e
1359 859 1426 890 τοε

125 923 169 953 to
203 914 354 954 ambitu
387 915 528 955 radicis
561 911 809 968 processuum
842 925 980 966 enata,
1016 915 1107 955 hinc
1146 913 1254 967 super
1296 922 1423 954 totam

124 976 347 1017 iuncturam
383 978 549 1032 expansa
584 980 758 1020 validam
792 989 833 1018 et
873 978 1069 1018 clasticam
1113 977 1273 1016 thecam
1315 974 1427 1029 super

125 1053 214 1081 eam
248 1039 486 1092 efformant‚
517 1042 583 1082 sub
615 1056 689 1096 qua
724 1041 991 1096 praefatorum
1023 1040 1164 1081 offium
1198 1039 1303 1080 ac'tio
1346 1039 1426 1081 sine

128 1105 422 1158 impedimento
465 1104 678 1157 perficitur.
754 1106 844 1144 Post
885 1105 1187 1144 euacuationem
1229 1103 1426 1144 medullae

127 1169 298 1222 spinalis,
327 1168 432 1208 aliud
452 1169 732 1220 ligamentum,
752 1168 987 1218 solitarium,
1007 1177 1124 1218 teres,
1143 1176 1183 1206 et
1202 1166 1423 1220 elasticum,

126 1232 233 1272 cuius
265 1233 457 1271 diameter
493 1230 573 1271 fere
616 1245 660 1272 2.
689 1231 812 1271 lineas
844 1241 1007 1283 aequat,
1043 1230 1180 1271 thecae
1199 1228 1328 1270 osseae
1361 1232 1426 1270 in·-

121 1294 269 1333 clusum
293 1296 406 1345 eique
427 1295 556 1333 forma
577 1295 784 1333 columnae
805 1294 927 1331 firmo
961 1305 1067 1331 nexu
1100 1294 1155 1332 est
1200 1293 1426 1345 agglutina-

122 1369 228 1398 tum:
266 1356 325 1396 Ibi
350 1369 486 1409 parum
507 1356 779 1409 protuberans,
801 1365 840 1395 ct
858 1355 975 1396 ductu
997 1356 1309 1409 perpendiculari
1331 1370 1424 1410 par-

122 1431 204 1462 tem
239 1421 479 1461 anteriorem
513 1420 652 1460 thecae
672 1419 775 1460 recta
797 1432 1046 1473 percurrens,
1082 1433 1162 1460 non
1182 1419 1309 1460 solum
1331 1433 1424 1461 ver·-

121 1487 320 1526 tebrarum
354 1497 522 1538 corpora
554 1484 862 1538 compingendi,
898 1496 1034 1523 verum
1071 1487 1218 1535 etiam,
1250 1493 1295 1522 vt
1321 1497 1421 1524 con-

122 1550 240 1601 iicio,
276 1548 464 1603 spinalcm
500 1549 716 1590 medullam
752 1561 772 1587 a
792 1546 1080 1600 compreffione
1101 1558 1139 1587 et
1158 1547 1335 1588 allisione
1356 1548 1420 1588 os-

122 1614 166 1654 fis
199 1614 449 1664 vindicandi,
484 1615 568 1654 vim
602 1623 640 1653 et
673 1612 898 1653 facultatem
931 1609 1034 1651 forte
1068 1610 1200 1652 habet.

238 1744 270 1792 ξ.
308 1746 351 1781 6.
406 1742 509 1793 Hic,
555 1751 764 1794 antequam
810 1741 858 1782 ad
900 1740 975 1782 alia
1009 1742 1249 1794 procedam,
1284 1743 1419 1796 exigui

121 1806 289 1848 Musculi
324 1807 453 1847 minus
498 1805 582 1846 sunt
630 1807 989 1860 praetermittendi,
1034 1819 1205 1859 quorum
1251 1804 1418 1848 fortaffis

118 1870 328 1923 descriptio
366 1870 552 1910 hactenus
586 1871 640 1910 est
659 1869 821 1921 ornifl‘a,
845 1870 906 1910 vel
927 1870 1039 1923 super
1057 1884 1174 1924 quos,
1213 1871 1239 1910 fi
1265 1870 1420 1912 Trans-1

117 1930 308 1988 uessalium
341 1936 550 1979 interiorum
586 1934 704 1974 titulo
743 1936 997 1974 innotuerunt
1018 1966 1028 1984 ‚
1069 1935 1213 1988 aliquid
1251 1947 1418 1977 monere

117 1996 312 2039 necessum
346 1998 423 2039 est:
462 1997 640 2050 Nempe,
674 1998 840 2052 obliquo
858 2009 900 2039 et
932 1997 1109 2039 inferiori
1130 1996 1321 2053 processui
1343 2013 1417 2040 ex-

119 2064 312 2114 trorsum,
352 2063 476 2104 altero
513 2071 696 2103 extremo
743 2063 827 2103 sunt
865 2063 1043 2117 alligati,
1083 2063 1283 2117 alteroque
1328 2065 1416 2117 post

693 2128 770 2184 Qq
805 2139 829 2167 2
1325 2128 1417 2171 br&
