1932 2641
496 101 583 152 296
699 97 780 141 DE
812 93 1256 139 CIRCVLATIONE
1285 94 1619 141 SANGVINIS.

490 217 594 258 ratio
626 215 768 268 cessat,
808 227 924 269 quare
958 223 999 255 et
1039 213 1152 255 simul
1194 223 1306 255 extra
1347 217 1505 258 arterias
1544 215 1773 259 effundatur.

490 281 700 333 Tempore
737 280 856 334 igitur
886 278 1045 330 systoles
1076 278 1204 318 cordis
1237 277 1340 318 nihil
1370 269 1559 331 sanguinis
1591 293 1642 321 cx
1673 289 1780 321 arte-

490 346 638 387 riarum
672 345 987 384 extremitatibus
1021 343 1061 382 in
1098 343 1255 383 alterius
1285 342 1438 395 generis
1471 343 1603 385 alueos
1622 346 1781 394 (§.26.)

492 409 724 462 deponitur:
760 408 822 448 sed
861 409 961 448 intra
994 407 1199 459 ampliatas
1230 407 1389 447 arterias
1409 406 1558 446 tamdiu
1577 408 1781 459 delitescit,

491 473 620 514 donec
654 471 729 512 hae
778 470 879 525 ipsae
931 471 1074 510 elatere
1108 469 1174 509 suo
1208 472 1353 520 (§.21.
1378 472 1476 520 23.)
1509 468 1546 508 se
1563 471 1784 522 restituunt,

493 550 538 576 ac
570 537 766 576 diminuta
798 534 1041 586 capacitate,
1074 535 1178 586 quod
1198 533 1432 588 superfluum
1453 533 1530 584 est,
1565 534 1780 574 exturbant.

495 601 752 656 Quapropter
784 598 914 653 differt
945 604 1087 653 tempus
1119 599 1376 655 tranrszfionis
1390 610 1416 638 a
1434 604 1593 652 tempore
1610 594 1786 654 systoles:

495 663 622 719 Quies
654 672 787 702 autem
821 662 943 702 cordis
981 661 1041 702 seu
1062 662 1209 717 dicfiole
1222 695 1233 715 ‚
1271 670 1308 704 et
1328 663 1557 704 arteriarum
1574 661 1791 713 contraHio,

494 734 532 767 et
537 722 732 780 sanguinis
759 736 872 767 extra
893 725 978 767 illas
1012 725 1211 783 transsufio
1245 728 1368 769 eodem
1404 729 1579 781 temporis
1619 731 1792 768 momento

501 791 687 833 accidunt.

631 865 667 914 ᾗ.
719 858 792 906 38.
839 854 1017 909 Apparet
1057 868 1110 896 ex
1151 855 1270 896 distis
1311 857 1359 906 (§.
1387 857 1481 905 37.)
1510 863 1592 895 tam
1622 855 1789 905 veritas,

500 933 620 973 quam
653 921 755 960 ratio
790 919 1057 973 phaenomeni
1092 921 1338 974 experientia
1371 919 1596 961 Harueiana
1629 921 1676 967 (ξ.
1705 920 1797 966 18.)

501 982 745 1036 deprehensi.
814 982 862 1021 In
895 996 969 1036 qua
1004 985 1164 1036 quidem
1198 985 1417 1025 adstruenda
1451 981 1604 1021 nonnisi
1647 979 1798 1034 princi·-

504 1049 617 1101 pium
653 1047 907 1099 plenitudinis
939 1056 1054 1099 atque
1087 1048 1322 1088 elasticitatis
1353 1045 1533 1084 vasorum
1553 1073 1564 1094 ‚
1597 1051 1638 1083 et
1678 1053 1794 1084 natu-

503 1122 591 1151 ram
625 1109 837 1149 fluidorum
870 1110 920 1156 (§.
945 1112 988 1147 6.
1012 1122 1055 1157 9.
1083 1113 1175 1158 10.)
1210 1109 1250 1148 in
1292 1107 1494 1149 subsidium
1534 1108 1793 1161 vocauimu83

505 1185 632 1226 neque
665 1171 978 1212 insufficientiam
1012 1173 1160 1213 virium
1205 1173 1335 1213 cordis
1367 1172 1415 1213 ad
1449 1172 1693 1213 mouendam
1730 1183 1800 1211 to-

505 1247 590 1278 tam
622 1235 815 1288 sanguinis
859 1235 1023 1275 massam
1068 1246 1108 1276 et
1149 1236 1377 1290 superandas
1421 1236 1646 1277 refistentias
1687 1237 1800 1276 incu-

507 1301 694 1349 sauimus,
714 1299 780 1338 sed
813 1297 1126 1339 insufficientiam
1162 1301 1380 1351 temporis,
1416 1311 1494 1350 quo
1527 1298 1663 1348 systole
1683 1311 1800 1352 pera-

510 1364 637 1417 gitur,
682 1362 730 1402 ad
772 1360 1067 1414 producendum
1102 1371 1261 1402 motum
1296 1363 1335 1401 in
1379 1361 1650 1414 capul-aribus,
1692 1362 1799 1400 cuius

510 1427 669 1481 quidem
703 1425 910 1476 generatio
947 1424 988 1462 in
1022 1425 1135 1463 omni
1174 1437 1345 1477 corpore
1380 1422 1575 1463 succeffiua
1606 1424 1683 1474 est,
1717 1424 1800 1464 mi-

513 1491 623 1531 nime
659 1489 844 1528 omnium
878 1499 974 1526 vero
1008 1488 1048 1526 in
1082 1487 1225 1539 fluidis,
1246 1500 1342 1541 quae
1375 1487 1575 1527 alueorum
1618 1487 1802 1528 lateribus

510 1551 761 1594 extenfilibus
802 1561 843 1590 et
883 1551 1104 1591 cedentibus
1145 1562 1389 1603 coercentur,
1424 1552 1672 1592 simultaneus
1722 1548 1799 1590 effe

511 1616 660 1672 potest:
696 1615 808 1666 adde,
841 1615 945 1668 quod
965 1615 1086 1668 posita
1107 1616 1338 1656 dilatatione
1353 1616 1583 1656 arteriarum
1600 1647 1610 1667 ‚
1633 1612 1805 1655 necessa—

513 1683 576 1724 rio
618 1680 774 1721 illarum
809 1679 1034 1730 euacuatio,
1071 1689 1272 1734 tamquam
1308 1679 1494 1734 superflua
1529 1692 1590 1719 res
1625 1679 1798 1719 tollatur.

515 1745 616 1787 Non
650 1744 785 1794 enim,
819 1743 907 1796 quia
941 1741 1089 1795 sanguis
1121 1745 1174 1783 ob
1216 1745 1391 1785 amissam
1437 1745 1605 1796 primam
1649 1743 1804 1783 veloci·

516 1819 642 1850 tatem
684 1817 868 1859 tempore
910 1805 1068 1857 systoles
1109 1809 1258 1848 arteriis
1299 1808 1490 1848 excedere
1533 1820 1612 1846 non
1656 1806 1803 1860 potest,

518 1874 610 1914 illae
643 1871 850 1913 dilatantur
884 1880 923 1910 et
961 1871 1133 1925 pullant3
1171 1872 1248 1917 sed,
1284 1873 1370 1925 quia
1390 1873 1555 1911 arteriae
1578 1871 1804 1921 dilatantur,

517 1937 667 1990 sanguis
704 1937 743 1976 in
777 1935 939 1976 illorum
974 1937 1288 1976 extremitatibus
1322 1936 1509 1989 tantisper
1543 1935 1714 1989 quiescit.

679 2001 711 2049 ξ.
769 2012 841 2049 39.
906 1997 991 2038 Cor
1051 2001 1131 2053 agit
1190 2010 1228 2039 et
1289 2001 1453 2054 quiescit
1512 2012 1583 2054 per
1659 1995 1804 2037 vicissi-

521 2065 694 2107 tudiues:
739 2073 921 2118 tempore
955 2074 1086 2105 autem
1130 2064 1267 2118 quictis
1299 2066 1462 2105 arteriae
1497 2064 1596 2106 nihil
1618 2061 1807 2114 sanguinis

1689 2137 1801 2166 ,reci-
