1932 2641
745 535 828 578 DE

148 621 290 683 LIT
295 622 358 683 T
365 622 600 683 ERAT
604 622 784 682 VRA
855 622 1417 685 MANGIVRICA.

644 735 924 779 AVCTORE

645 819 715 879 T.
754 822 816 886 S.
854 817 925 879 B.

400 1114 532 1165 uium,
573 1112 759 1168 Caspium
792 1127 925 1164 mare,
959 1114 1143 1165 Indiam,
1186 1114 1323 1166 Sinas,
1368 1114 1441 1156 de-

399 1178 515 1232 nique
547 1177 722 1221 Ruffiam
742 1179 988 1219 interiestum
1008 1177 1102 1229 fuit,
1136 1191 1312 1232 magnam
1329 1179 1442 1221 Tar-

134 1243 280 1284 tariam
312 1251 529 1291 vocarunt,
567 1253 612 1282 vt
644 1242 766 1283 altera
799 1239 894 1282 esset
925 1244 1068 1293 minor,
1102 1244 1143 1282 in
1177 1241 1441 1283 Cherrhone-

131 1303 173 1344 so
206 1305 390 1343 Taurica.
461 1305 661 1344 Nondum
695 1305 781 1342 satis
812 1304 862 1343 ab
894 1302 972 1343 ‘noc
1006 1315 1143 1344 errore
1173 1314 1311 1344 cauent
1347 1318 1441 1346 eru-

131 1366 228 1408 diti:
264 1367 436 1407 eundem
470 1377 604 1406 tamen
639 1365 849 1420 aliquando
883 1363 1100 1419 dedissent,
1134 1380 1223 1409 cum
1243 1369 1344 1409 intra
1364 1368 1442 1412 hos

133 1443 282 1486 paucos
313 1442 438 1472 annos
469 1438 623 1472 tantum
656 1431 706 1470 de
737 1429 798 1470 his
831 1431 1057 1484 regionibus
1089 1442 1130 1470 et
1162 1433 1318 1486 populis
1352 1434 1441 1474 edi-

130 1503 216 1536 tum
250 1494 339 1546 fuit,
372 1503 559 1549 quantum
592 1503 705 1535 antea
738 1494 874 1536 multis
904 1494 1039 1536 seculis
1072 1507 1153 1536 non
1187 1495 1260 1536 fuit
1292 1497 1440 1551 explo-

133 1569 279 1601 ratum.
346 1558 434 1601 Iam
468 1568 508 1600 et
541 1554 781 1613 Mangjuros
812 1558 954 1599 rectius
975 1559 1186 1612 nouimus,
1218 1573 1315 1614 quos
1333 1561 1437 1602 olim

133 1622 372 1665 Misfionarii
405 1625 446 1663 in
481 1621 587 1664 Sinis
617 1623 811 1664 Tartaros
844 1621 1061 1666 Orientales
1093 1637 1315 1679 nuncupare
1336 1624 1440 1666 (ble-

133 1687 246 1729 bant:
282 1697 322 1728 et
356 1687 597 1741 Mungalos,
629 1701 695 1742 qui
728 1688 777 1728 ab
809 1687 952 1729 iisdem
997 1687 1226 1729 dicebantur
1269 1688 1438 1732 Tartari

137 964 511 1193 MAiores
543 988 665 1029 nostri
706 998 834 1030 totam
877 985 1260 1043 septemtrionalem
1304 986 1439 1028 Afiam
1463 999 1666 1032 ‘rabulaxvz

400 1060 440 1090 et
472 1053 657 1105 quidquid
688 1055 766 1094 fere
799 1063 990 1093 terrarum
1030 1054 1130 1092 inter
1167 1052 1344 1104 Volgam
1367 1052 1441 1093 flu>-

133 1751 407 1794 Occidentales.
476 1749 676 1811 Mangjuri
709 1765 730 1792 a
752 1752 952 1805 Mungalis
973 1750 1154 1793 sermone
1174 1751 1438 1794 vehementer

131 1816 371 1869 discrepant:
405 1815 517 1857 vultu
549 1817 831 1870 cognationem
864 1817 913 1857 ab
948 1815 1063 1869 stirpe
1082 1817 1224 1857 Vltima
1246 1817 1432 1871 produnt.

136 1879 195 1922 At
228 1880 382 1921 Dz't'rben
401 1879 562 1931 Oelo'ht,
584 1880 646 1920 seu
666 1882 820 1921 Dia-hen
839 1878 1012 1931 Oemht,
1045 1881 1110 1934 qui
1134 1881 1255 1934 vulgo
1277 1894 1298 1921 a
1318 1881 1434 1922 nobis

137 1941 343 1984 Calmucci
375 1943 620 1997 appellantur
634 1976 645 1996 ,
679 1956 760 1984 non
782 1945 908 1984 modo
930 1944 968 1983 in
990 1945 1101 1985 vultu
1115 1977 1126 1995 ,
1147 1958 1287 1986 verum
1310 1946 1433 1986 etiam

133 2007 175 2048 in
210 2008 337 2061 lingua
357 2021 445 2048 cum
468 2007 667 2061 Mungaiis
685 2009 941 2049 conueniunt.
1007 2007 1185 2061 Linguae
1206 2022 1249 2050 ea
1278 2007 1359 2051 fere
1379 2009 1435 2050 est

132 2071 352 2128 diuersitas,
385 2085 482 2127 quae
515 2071 708 2114 sermonis
741 2073 780 2112 iu
816 2071 1005 2127 superiori
1037 2073 1289 2128 inferiorique
1326 2070 1432 2113 Ger-

707 2135 763 2178 Ss
797 2149 822 2189 3
1302 2138 1437 2179 mania
