1932 2641
519 111 603 160 278
727 106 809 150 DE
841 105 901 148 CI
904 99 1161 147 RCVLATI
1163 100 1282 146 ONE
1314 102 1510 148 SANGV
1512 103 1535 148 I
1538 101 1606 148 NI
1605 102 1637 148 S
1642 137 1647 145 .

635 227 667 277 ξ.
717 237 760 276 7.
804 225 1007 265 Praeterea
1050 230 1254 275 tamquam
1295 224 1505 265 veritatem
1546 224 1801 266 indubitatam

515 291 800 345 experimentis
820 289 891 330 suis
910 289 1141 329 roboratam
1163 284 1436 339 supponimus:
1458 290 1696 329 ventriculos
1713 301 1807 329 cor-

515 356 576 397 dis
609 354 878 395 contractione
912 352 989 403 sua,
1013 351 1240 404 sanguinem
1274 350 1314 389 in
1333 349 1419 389 vasa
1440 350 1501 390 seu
1520 354 1668 393 canales
1689 365 1808 406 quos-

513 421 609 461 dam
642 420 710 460 sibi
744 427 918 459 accretos
950 426 990 456 et
1024 425 1221 467 congruos
1239 414 1493 467 exprimcre3
1532 417 1634 456 cuius
1654 424 1807 459 contra..

516 485 647 527 &lonis
690 493 803 536 atque
845 478 1101 533 expressionis
1144 478 1229 518 idea
1262 478 1393 518 ideam
1441 479 1502 518 vis
1533 480 1653 520 cordis
1691 494 1812 521 com-

516 547 815 602 prehendimus,
854 556 951 596 quae
971 540 1161 596 praesenti
1194 541 1370 582 instituto
1413 541 1566 582 sufficit.
1638 541 1809 585 Contra«

518 613 695 653 &ionem
729 608 856 650 cordis
889 620 980 647 cum
1015 606 1170 647 Harueo
1195 601 1365 662 Jjstolem
1400 618 1700 660 nonnumquam
1750 608 1812 649 di-

518 687 678 726 cemus·‚
715 674 784 713 iile
815 684 913 712 vero
944 670 1074 711 cordis
1095 670 1225 722 status,
1247 671 1313 723 qui
1335 671 1437 711 inter
1456 670 1550 712 duas
1568 670 1810 713 commetro-

520 750 586 780 nes
621 737 776 779 medius
808 736 877 790 est,
911 735 1025 777 nobis
1059 733 1227 792 Diastole
1259 735 1347 777 erit.

641 871 675 920 ς.
716 871 755 909 8.
791 868 875 929 Qui
910 864 1166 909 circuiatione
1203 864 1400 920 sanguinis
1432 865 1658 906 adstruenda
1690 875 1813 905 occu-

520 935 877 987 pantur,‘canale5‚
922 944 993 986 per
1033 944 1132 986 quos
1172 930 1323 984 sanguis
1365 938 1564 981 mouetur,
1608 938 1812 978 tamquam

521 996 688 1051 duplicis
721 996 873 1049 generis
904 993 992 1034 vasa
1026 995 1142 1035 nobis
1173 994 1379 1035 exhibent.
1450 993 1604 1031 Harum
1624 989 1698 1028 alia
1729 987 1816 1028 fan-

521 1072 684 1114 gumem
718 1072 740 1099 a
773 1058 894 1098 corde
926 1057 1131 1108 abducunt,
1166 1067 1207 1097 et
1238 1069 1291 1096 ex
1310 1065 1448 1094 trunco
1481 1053 1523 1092 in
1559 1064 1691 1093 ramos
1712 1051 1817 1094 ima-

520 1123 726 1176 ginatione
759 1120 873 1161 omni
918 1119 1138 1160 subtiliores
1179 1118 1425 1158 diuiduntur:
1469 1116 1544 1157 alia
1585 1117 1814 1170 sangninem

520 1186 714 1228 similibus
749 1183 973 1224 tenerrimis
1007 1181 1236 1223 staminibus
1268 1181 1463 1235 recipiunt
1481 1193 1525 1222 ac
1552 1194 1625 1236 per
1652 1190 1818 1222 trunco-

523 1263 613 1292 rum
634 1249 791 1290 suorum
813 1255 964 1288 meatus
984 1246 1130 1286 iterum
1150 1246 1192 1287 in
1214 1258 1284 1289 cor
1304 1247 1522 1302 deponunt.
1589 1244 1663 1287 Illa
1682 1245 1816 1287 vocari

524 1314 711 1365 arteriae,
750 1310 849 1350 haec
883 1320 1003 1350 venae
1034 1307 1173 1348 solent.

641 1445 677 1494 (5.
714 1454 756 1493 9.
797 1439 982 1491 Canales,
1017 1451 1087 1495 per
1120 1448 1289 1492 quorum
1323 1436 1511 1481 cauitates
1545 1435 1623 1479 hoc
1641 1435 1817 1479 nostrum

525 1507 691 1549 fluidum
725 1507 784 1556 (ξ.
811 1507 878 1556 6.)
912 1512 1122 1554 mouetur,
1156 1514 1209 1542 ex
1229 1504 1463 1557 corporibus
1492 1502 1690 1544 eiusmodi
1715 1514 1819 1542 con-

525 1572 606 1612 fiati
642 1570 742 1621 sunt,
777 1580 875 1623 quae
908 1568 996 1609 data
1017 1569 1058 1607 vi
1087 1567 1246 1607 extendi
1284 1568 1361 1608 sine
1394 1576 1578 1621 rupturae
1598 1575 1708 1607 metu
1728 1565 1822 1620 pos-

524 1636 632 1687 sunt,
664 1644 781 1687 atque
812 1633 958 1672 iterum
993 1632 1245 1672 restituuntur
1277 1631 1419 1672 sublata
1452 1632 1520 1672 ista
1554 1632 1595 1671 vi
1628 1639 1691 1670 aut
1709 1629 1823 1685 supe-

525 1709 635 1751 rata,
669 1698 770 1749 siue,
814 1708 913 1750 quae
947 1694 1098 1751 elaflica
1128 1695 1223 1736 sunt.
1291 1694 1400 1738 Cum
1434 1697 1555 1750 igitur
1596 1693 1746 1747 filnguis
1778 1695 1820 1734 in

527 1763 723 1805 canalibus
756 1769 963 1801 contentus
995 1760 1227 1801 continuam
1260 1760 1301 1800 in
1343 1760 1463 1801 latera
1508 1759 1671 1799 illorum
1714 1757 1820 1811 prefi-

527 1828 679 1869 sionem
716 1834 922 1878 exerceat,
956 1834 997 1865 et
1032 1823 1120 1866 vasa
1152 1824 1366 1865 extendere
1398 1824 1617 1874 annitatur,
1652 1822 1694 1862 vi
1729 1823 1824 1863 ssui—

529 1892 662 1933 ditatis
680 1890 765 1931 suae
785 1893 798 1939 (
810 1884 1040 1944 Graztcsand.
1059 1889 1084 1931 Ι
1085 1889 1181 1946 rssit.
1201 1890 1267 1939 §.3
1278 1891 1330 1928 28
1341 1892 1390 1939 .>;
1413 1888 1602 1943 preffione
1621 1886 1693 1927 hac
1712 1886 1822 1927 austa

531 1956 595 1996 vel
628 1956 802 2005 minuta,
836 1954 974 1994 ceteris
1006 1954 1178 2008 paribus,
1212 1953 1344 1995 maior
1376 1953 1443 1995 vel
1459 1954 1594 1994 minor
1625 1951 1819 1993 canalium

530 2020 721 2075 capacitas
751 2018 957 2074 exsurgere
974 2018 1116 2074 potest.
