1932 2641
486 63 576 104 300
697 49 780 91 DE
812 44 1254 91 CIRCVLATIONE
1288 47 1625 95 SANGVINIS.

481 177 522 208 et
557 165 650 206 hinc
688 162 901 208 necefl‘ario
938 179 1020 206 non
1055 178 1150 206 cum
1187 166 1353 208 diastole
1389 171 1542 222 cordiS,
1581 168 1644 210 sed
1673 181 1765 210 cum

479 229 618 283 (ystole
653 231 881 272 conuenire.
948 229 1022 271 His
1058 241 1158 270 vero
1187 238 1274 269 tum
1310 230 1473 274 demum
1507 233 1767 289 respondebo,

479 306 572 334 cum
611 293 984 336 demonstrauerint:
1021 305 1094 333 nec
1130 293 1218 347 plus
1255 303 1328 333 nec
1377 297 1503 336 minus
1548 297 1767 350 sanguinis,

479 370 600 414 quam
632 358 674 398 in
706 359 885 400 auriculis
917 358 1158 409 continetur,
1192 368 1269 396 vna
1313 357 1402 397 vice
1443 358 1483 397 in
1531 360 1769 407 ventriculos

478 423 734 478 promoueri,
772 436 855 463 non
891 421 1002 476 poffe
1036 420 1259 474 sanguinem
1294 433 1346 461 ex
1381 421 1485 461 cauis
1520 432 1560 461 et
1606 425 1771 476 pulmo-

479 485 561 527 nali
594 498 696 527 vena
732 488 772 527 in
810 485 1048 526 ventriculos
1080 485 1228 535 dilabi,
1262 485 1332 525 nisi
1365 485 1432 525 ille
1466 486 1570 539 prius
1619 486 1659 526 in
1699 500 1772 529 au-

478 549 607 591 riculis
654 549 933 590 diuerticulurn
984 548 1245 602 quaesiuerit,
1288 549 1478 589 auriculas
1521 549 1641 602 igitur
1675 561 1766 590 cum

478 613 723 666 depleantur,
758 613 903 654 eodem
945 622 1129 667 tempore
1170 613 1279 653 viam
1314 613 1575 653 intercludere
1618 612 1768 653 venoso

474 675 649 729 sanguini
682 676 723 717 in
758 676 1010 718 ventriculos.
1084 674 1185 717 Sunt
1217 675 1303 716 sane
1344 676 1538 718 auriculae
1558 678 1770 730 capacitate

478 739 541 781 sua
575 739 692 780 valde
728 740 968 796 inaequales:
1007 753 1088 782 non
1121 741 1241 794 igitur
1275 740 1364 781 illae
1398 740 1575 781 mensura
1615 739 1771 794 stingui-

476 804 538 845 nis
569 802 646 844 esse
680 803 858 859 poffunt,
893 805 960 859 qui
993 804 1149 858 singulis
1192 805 1341 845 vicibus
1374 818 1395 844 a
1439 805 1666 844 ventriculis
1705 817 1772 844 re-

476 867 558 921 cipi
612 868 753 923 debet,
800 881 928 923 neque
962 869 1016 909 ita
1044 882 1065 909 a
1086 868 1196 909 venis
1216 867 1428 908 disiunctae
1448 867 1533 907 sunt
1556 867 1768 917 auriculae,

480 942 526 971 vt
558 930 776 984 separatum
809 945 952 984 corpus
984 932 1199 985 quodpiam
1236 931 1499 983 constituant,
1534 931 1643 982 quin,
1694 939 1773 980 po-

479 993 559 1034 tius
591 1007 665 1048 pro
696 1007 780 1034 vno
812 995 1005 1034 continuo
1037 996 1161 1036 canali
1195 995 1330 1036 haberi
1363 995 1530 1042 debent,
1568 992 1633 1045 qui
1657 1003 1773 1031 com-

480 1059 592 1098 muni
624 1057 799 1110 quodam
831 1056 943 1097 hiatu
976 1059 1017 1097 in
1035 1058 1270 1098 ventriculos
1291 1056 1326 1094 se
1355 1064 1562 1095 exonerat.
1630 1054 1772 1111 Quan-

481 1119 536 1160 do
569 1120 690 1173 igitur
722 1119 915 1160 auriculae
951 1119 1184 1172 deplentur,
1219 1119 1326 1159 idem
1360 1119 1440 1170 est,
1491 1131 1535 1159 ac
1576 1118 1603 1160 fi
1646 1130 1772 1158 venae

476 1183 555 1225 illis
586 1182 797 1224 continuae
830 1182 1010 1237 depletae
1041 1178 1208 1223 fuiffent.
1278 1182 1446 1224 Manent
1477 1183 1596 1238 igitur
1635 1182 1771 1226 haste-

480 1259 551 1290 nus
581 1246 831 1297 inconcussa,
865 1259 964 1300 quae
995 1247 1027 1295 ξ.
1052 1259 1132 1296 42.
1168 1246 1359 1289 diximus.

600 1376 637 1424 ξ.
673 1389 749 1426 44.
786 1374 1012 1429 Antequam
1046 1373 1141 1415 haec
1176 1373 1331 1425 finiam,
1363 1374 1557 1414 duomihi
1589 1375 1772 1414 videntur

480 1439 695 1479 monenda.
764 1439 902 1479 Primo
936 1438 1122 1490 quidem,
1143 1450 1240 1490 quae
1259 1437 1468 1490 aliquoties
1488 1438 1537 1477 de
1566 1435 1775 1489 Synchro-

480 1502 613 1543 nismo
648 1502 833 1543 diastoles
876 1501 1001 1541 cordis
1045 1510 1086 1540 et
1131 1499 1392 1541 transfiifionis
1434 1500 1627 1554 sanguinis
1658 1502 1770 1553 dixi,

478 1578 560 1606 non
593 1566 646 1606 ita
679 1565 879 1606 intellecta
945 1565 1096 1616 velim,
1136 1577 1180 1604 ac
1221 1565 1248 1606 si
1281 1577 1469 1618 negarem
1503 1574 1688 1618 tempore
1709 1565 1774 1616 sy-

478 1628 594 1670 stoles
626 1630 832 1684 quicquam
866 1630 905 1668 in
939 1641 1057 1668 venas
1089 1628 1242 1681 recipi,
1274 1639 1341 1670 aut
1372 1629 1494 1681 recipi
1531 1628 1658 1670 saltim
1683 1627 1774 1683 pos-

476 1691 530 1734 se.
604 1690 709 1733 Cum
744 1695 853 1734 enim
888 1692 982 1750 haec
1004 1691 1195 1745 sanguinis
1215 1692 1417 1734 transfusio
1437 1706 1458 1733 a
1477 1702 1581 1733 certa
1602 1694 1770 1746 quadam

478 1756 519 1797 vi
561 1757 790 1798 arteriarum
834 1758 883 1807 (ξ.
930 1759 1022 1808 23.)
1066 1757 1172 1796 cuius
1215 1757 1472 1809 quantitatem
1515 1765 1555 1795 et
1601 1758 1769 1797 modum

479 1821 618 1873 agendi
653 1819 839 1862 hactenus
872 1821 1041 1874 ignoro,
1079 1820 1321 1873 dependeat:
1358 1819 1470 1861 facile
1503 1831 1683 1873 apparet,
1703 1834 1774 1861 ce⁶

477 1883 676 1925 leritatem
711 1883 978 1926 transfusionis
1011 1884 1265 1925 determinari
1308 1897 1388 1923 non
1424 1884 1557 1937 posse,
1582 1897 1663 1925 non
1691 1885 1770 1938 igi-

481 1956 542 1988 tur
576 1947 763 2002 affigmrc
798 1958 953 2002 tempus
985 1949 1092 1998 licet,
1128 1949 1232 2001 quod
1264 1949 1499 2002 requiritur,
1538 1949 1664 1989 donec
1685 1957 1767 1988 tota

479 2012 614 2068 portio
648 2012 843 2068 sanguinis
874 2025 950 2054 vna
996 2014 1081 2053 viee
1123 2013 1164 2052 in
1209 2023 1364 2054 :tortam
1413 2013 1581 2067 proiecti
1626 2013 1767 2052 iterum

1657 2085 1766 2115 extra
