1932 2641
426 97 523 165 -3'90
561 109 641 152 DE
673 92 990 152 RVSSORVM
1023 102 1217 150 PRIMA
1251 100 1670 152 EXPEDJTJONE

427 229 613 282 Byzantii
641 225 1066 269 commemorauimus.
1133 223 1243 278 Ergo
1263 225 1311 266 de
1329 222 1519 267 Cumanis
1545 226 1647 268 nihil
1666 228 1730 271 est.

429 293 542 336 Nam
582 292 623 334 hi
653 291 762 334 Rusti
800 290 1041 344 religionem
1081 298 1335 343 receperunt,
1370 289 1418 330 ad
1456 302 1553 344 quos
1591 305 1734 347 magna

428 369 596 399 munera
623 366 739 410 atque
771 355 924 409 legatos
954 354 1004 394 de
1037 354 1203 395 induciis
1231 353 1474 408 proferendis
1501 354 1606 395 mifit
1624 355 1734 398 Basi-

429 421 505 462 lius
524 421 632 475 Imp.
690 421 772 477 Qui
792 419 860 460 alii
879 431 998 473 quam
1019 415 1249 460 Kiouienses
1266 449 1277 470 ,
1298 430 1469 473 quorum
1488 431 1598 459 arma
1616 416 1736 461 CPli-

431 486 512 527 tani
541 484 607 544 sub
628 483 831 526 Michaele
861 480 1079 523 senserant?
1114 479 1306 523 Ceterum
1336 484 1377 523 in
1405 482 1484 523 hoc
1513 480 1736 537 fragmento

431 549 534 590 nihil
576 548 727 588 absurdi
771 546 838 587 est.
907 545 1053 600 Neque
1086 558 1266 601 repugno
1299 547 1350 588 de
1380 547 1520 601 legatis
1551 548 1734 590 Romam

430 612 572 653 missis:
607 611 692 652 sunt
724 612 833 652 enim
867 608 928 651 his
961 610 1129 663 similia,
1167 623 1265 665 quae
1299 612 1348 652 de
1381 611 1520 666 legatis
1553 609 1736 666 Bulgari-

431 676 486 716 cis
525 676 573 717 ad
614 674 651 715 se
695 675 813 717 miffis
846 674 1039 716 Nicolaus
1073 675 1116 716 P.
1153 676 1208 718 R.
1245 685 1388 717 narrat.
1460 674 1567 718 Cum
1600 686 1734 718 autem

429 738 592 794 Bulgari
628 740 838 783 Romanae
880 739 1063 781 ecclesiae
1096 739 1267 781 adiunc‘ti
1301 741 1520 782 incredibili
1553 737 1738 782 Graeco-

426 817 518 846 rum
561 804 660 845 odio
702 804 912 858 flagrarent
934 836 946 857 ‚
999 803 1102 845 mihi
1137 804 1360 847 admodum
1393 805 1439 847 fit
1470 802 1734 856 verosimile,-

427 867 606 909 auetores
647 880 716 909 eos
758 868 871 910 fuisse
903 867 1031 911 Ruffis
1052 901 1062 920 ‚
1105 880 1151 910 vt
1181 870 1393 910 Romanae
1436 865 1617 906 ecclesiae
1659 865 1735 907 sese

428 933 562 987 potius
595 942 877 987 aggregarent,
913 946 1031 988 quam
1063 931 1298 985 Byzantiae:
1333 937 1470 970 contra
1503 940 1549 968 ea
1585 927 1737 981 princi-

428 1007 499 1049 pes
526 999 744 1048 quosdam,
782 998 850 1048 qui
876 1010 897 1034 a
927 997 1076 1036 Photio
1109 995 1338 1050 episcopum
1372 1000 1625 1044 receperant,
1660 1004 1735 1045 pro

430 1055 618 1098 CPlitana
651 1057 807 1097 ecclesia
850 1055 1069 1097 tetendisse.
1135 1053 1476 1108 Archiepiscopus
1507 1051 1640 1096 miffus
1671 1056 1737 1097 vi-

430 1122 570 1175 detur,
602 1121 710 1177 quod
747 1121 827 1161 iam
860 1120 992 1175 plures
1024 1117 1145 1160 essent
1179 1117 1371 1161 comestae
1404 1117 1587 1160 ecclesiae
1618 1129 1660 1160 et
1691 1129 1736 1162 vt

430 1187 658 1243 episcopum
693 1199 714 1225 a
747 1185 897 1227 Photio
930 1184 1174 1239 ordinatum
1199 1184 1266 1225 vel
1304 1182 1493 1237 dignitate
1525 1184 1737 1238 opprime-

431 1261 507 1293 ret.
582 1250 716 1291 Notae
751 1249 835 1290 sunt
867 1249 1031 1289 illorum
1065 1260 1295 1302 temporum
1329 1248 1463 1288 turbae
1497 1249 1546 1288 de
1580 1248 1737 1302 episco-

432 1314 494 1366 pis
523 1325 543 1352 a
573 1313 722 1351 Photio
756 1314 968 1361 ordinatis,
1001 1325 1098 1363 quos
1128 1312 1302 1365 Ignatius
1331 1311 1550 1353 Patriarcha
1584 1312 1736 1353 summa

432 1377 475 1416 vi
509 1375 605 1414 loeo
650 1383 764 1427 atque
805 1373 926 1426 gradu
962 1374 1143 1425 pellebat.
1211 1374 1400 1416 Ceterum
1435 1389 1527 1415 cum
1561 1374 1737 1428 Ignatius

432 1441 486 1481 A.
526 1436 575 1478 C.
617 1442 719 1487 877.
756 1449 922 1478 xx111.
970 1436 1280 1477 Octobris-sato
1315 1437 1464 1476 sundhls
1507 1436 1590 1489 est,
1643 1449 1733 1479 ante

432 1516 524 1544 eum
557 1515 703 1543 annum
733 1501 827 1542 haec
856 1501 1037 1542 accidiffe
1076 1510 1260 1555 apparet,
1295 1510 1335 1541 et
1354 1509 1543 1553 quantum
1575 1513 1627 1541 ex
1657 1502 1735 1543 illis

432 1567 677 1619 amoribus,
717 1568 782 1620 qui
808 1566 982 1617 exstant,
1018 1566 1211 1618 colligere
1241 1564 1470 1618 possumus„
1505 1563 1590 1606 sunt
1623 1567 1734 1607 euim

429 1632 649 1673 admodum
688 1630 878 1682 infiintes,
914 1630 1047 1684 paullo
1079 1630 1164 1684 post
1192 1627 1358 1683 auspicia
1388 1627 1523 1669 Basilii
1551 1628 1734 1683 Impera-

431 1698 542 1737 toris.
613 1696 694 1753 Qui
729 1696 877 1749 Olgam
911 1696 1089 1748 reginam
1125 1694 1328 1748 primum,
1362 1693 1504 1733 deinde
1532 1693 1736 1735 Vladimi-

431 1774 517 1801 rum
541 1773 673 1812 regem
691 1759 939 1800 christianam
962 1759 1201 1811 religionem
1223 1755 1417 1810 suscepisse
1437 1757 1612 1797 austorcs
1633 1760 1733 1810 lunt,

435 1837 524 1865 vera
558 1825 716 1874 dicunt,
751 1836 873 1877 neque
905 1836 994 1863 cum
1026 1822 1085 1863 his
1114 1822 1354 1876 pugnantia:
1401 1834 1493 1861 nam
1525 1822 1643 1875 primi
1674 1823 1732 1863 illi

432 1901 482 1929 ex
514 1887 585 1928 hac
614 1889 737 1928 domo
766 1897 1006 1940 receperunt.
1076 1885 1182 1927 Cum
1201 1885 1394 1926 Oscoldus
1422 1885 1500 1925 iam
1532 1882 1624 1925 effet
1652 1887 1732 1926 ini-

431 1954 571 2004 tiatus,
604 1951 652 1992 ab
681 1953 813 2006 Olego
843 1952 994 2004 Ingmis
1021 1952 1118 1992 duce
1149 1963 1301 2004 pagano
1336 1950 1377 1990 in
1406 1950 1588 1990 ordinem
1618 1951 1734 1990 reda—

434 2018 515 2058 ems
541 2017 606 2057 est.
675 2015 771 2057 Inde
804 2015 1016 2070 profiuiitas
1045 2016 1190 2056 vistrix
1220 2015 1322 2067 fuit,
1367 2015 1492 2055 donec
1527 2015 1565 2054 in
1599 2015 1728 2056 aulam

434 2081 627 2134 regnantis
656 2082 798 2122 domus
822 2080 980 2121 admista
1009 2079 1063 2120 est
1093 2080 1235 2134 religio
1321 2079 1389 2121 Ne
1417 2080 1477 2119 cui
1497 2088 1630 2140 autern
1650 2079 1731 2139 mif-

1640 2151 1730 2183 rum
