<?xml version="1.0" encoding="UTF-8"?>
<!DOCTYPE html PUBLIC "-//W3C//DTD XHTML 1.0 Transitional//EN"
    "http://www.w3.org/TR/xhtml1/DTD/xhtml1-transitional.dtd">
<html xmlns="http://www.w3.org/1999/xhtml" xml:lang="en" lang="en">
 <head>
  <title>
</title>
<meta http-equiv="Content-Type" content="text/html;charset=utf-8" />
  <meta name='ocr-system' content='tesseract 3.04.00' />
  <meta name='ocr-capabilities' content='ocr_page ocr_carea ocr_par ocr_line ocrx_word'/>
</head>
<body>
  <div class='ocr_page' id='page_1' title='image "./commentariiacade06impe_0331.png"; bbox 0 0 1932 2641; ppageno 0'>
   <div class='ocr_carea' id='block_1_1' title="bbox 247 96 1386 156">
    <p class='ocr_par' dir='ltr' id='par_1_1' title="bbox 247 96 1386 156">
     <span class='ocr_line' id='line_1_1' title="bbox 247 96 1386 156; baseline -0.003 -9"><span class='ocrx_word' id='word_1_1' title='bbox 247 100 330 147; x_wconf 80' lang='lat' dir='ltr'><em>DE</em></span> <span class='ocrx_word' id='word_1_2' title='bbox 365 97 809 147; x_wconf 77' lang='lat' dir='ltr'><strong><em>CIRCVLATIONE</em></strong></span> <span class='ocrx_word' id='word_1_3' title='bbox 848 96 1177 147; x_wconf 73' lang='lat' dir='ltr'><em>SANGVJNJS</em></span> <span class='ocrx_word' id='word_1_4' title='bbox 1299 106 1386 156; x_wconf 80' lang='lat'><em>289</em></span> 
     </span>
    </p>
   </div>
   <div class='ocr_carea' id='block_1_2' title="bbox 106 214 1397 471">
    <p class='ocr_par' dir='ltr' id='par_1_2' title="bbox 106 214 1397 471">
     <span class='ocr_line' id='line_1_2' title="bbox 106 214 1395 280; baseline -0.002 -14"><span class='ocrx_word' id='word_1_5' title='bbox 106 226 305 279; x_wconf 82' lang='lat' dir='ltr'><em>deponat.</em></span> <span class='ocrx_word' id='word_1_6' title='bbox 359 218 557 280; x_wconf 73' lang='lat' dir='ltr'><em>Quantum</em></span> <span class='ocrx_word' id='word_1_7' title='bbox 589 221 703 275; x_wconf 82' lang='lat' dir='ltr'><em>igitur</em></span> <span class='ocrx_word' id='word_1_8' title='bbox 729 214 925 274; x_wconf 77' lang='lat' dir='ltr'><em>sanguinis</em></span> <span class='ocrx_word' id='word_1_9' title='bbox 967 232 1039 261; x_wconf 79' lang='lat' dir='ltr'><em>vno</em></span> <span class='ocrx_word' id='word_1_10' title='bbox 1080 222 1205 263; x_wconf 88' lang='lat' dir='ltr'><em>cordis</em></span> <span class='ocrx_word' id='word_1_11' title='bbox 1243 220 1317 263; x_wconf 66' lang='lat' dir='ltr'><em>ictu</em></span> <span class='ocrx_word' id='word_1_12' title='bbox 1356 223 1395 263; x_wconf 77' lang='lat' dir='ltr'><em>in</em></span> 
     </span>
     <span class='ocr_line' id='line_1_3' title="bbox 106 282 1397 340; baseline -0.005 -10"><span class='ocrx_word' id='word_1_13' title='bbox 106 291 292 330; x_wconf 79' lang='lat' dir='ltr'><em>arteriam</em></span> <span class='ocrx_word' id='word_1_14' title='bbox 319 284 565 340; x_wconf 86' lang='lat' dir='ltr'><em>pulmonalem</em></span> <span class='ocrx_word' id='word_1_15' title='bbox 591 284 834 340; x_wconf 80' lang='lat' dir='ltr'><em>propellitur3</em></span> <span class='ocrx_word' id='word_1_16' title='bbox 876 289 1020 326; x_wconf 85' lang='lat' dir='ltr'><em>tantum</em></span> <span class='ocrx_word' id='word_1_17' title='bbox 1041 282 1209 340; x_wconf 83' lang='lat' dir='ltr'><em>praecise</em></span> <span class='ocrx_word' id='word_1_18' title='bbox 1226 287 1276 335; x_wconf 65' lang='grc' dir='ltr'><em>(ς.</em></span> <span class='ocrx_word' id='word_1_19' title='bbox 1305 289 1397 337; x_wconf 73' lang='lat'>24.)</span> 
     </span>
     <span class='ocr_line' id='line_1_4' title="bbox 110 348 1397 405; baseline -0.002 -11"><span class='ocrx_word' id='word_1_20' title='bbox 110 349 305 394; x_wconf 82' lang='lat' dir='ltr'><em>intervallo</em></span> <span class='ocrx_word' id='word_1_21' title='bbox 337 351 511 404; x_wconf 86' lang='lat' dir='ltr'><em>temporis</em></span> <span class='ocrx_word' id='word_1_22' title='bbox 540 349 699 405; x_wconf 74' lang='lat' dir='ltr'><em>pulfibus</em></span> <span class='ocrx_word' id='word_1_23' title='bbox 731 348 807 389; x_wconf 83' lang='lat' dir='ltr'><em>illis</em></span> <span class='ocrx_word' id='word_1_24' title='bbox 839 348 1013 405; x_wconf 75' lang='lat' dir='ltr'><em>destinato</em></span> <span class='ocrx_word' id='word_1_25' title='bbox 1053 352 1092 390; x_wconf 83' lang='lat' dir='ltr'><em>in</em></span> <span class='ocrx_word' id='word_1_26' title='bbox 1134 363 1270 391; x_wconf 82' lang='lat' dir='ltr'><em>venam</em></span> <span class='ocrx_word' id='word_1_27' title='bbox 1307 350 1397 405; x_wconf 60' lang='lat' dir='ltr'><em>pul-2</em></span> 
     </span>
     <span class='ocr_line' id='line_1_5' title="bbox 107 413 605 471; baseline -0.006 -15"><span class='ocrx_word' id='word_1_28' title='bbox 107 414 286 456; x_wconf 86' lang='lat' dir='ltr'><em>monalem</em></span> <span class='ocrx_word' id='word_1_29' title='bbox 317 413 605 471; x_wconf 82' lang='lat' dir='ltr'><em>transfunditur.</em></span> 
     </span>
    </p>
   </div>
   <div class='ocr_carea' id='block_1_3' title="bbox 108 540 1409 1110">
    <p class='ocr_par' dir='ltr' id='par_1_3' title="bbox 108 540 1409 1110">
     <span class='ocr_line' id='line_1_6' title="bbox 222 540 1403 597; baseline -0.002 -13"><span class='ocrx_word' id='word_1_30' title='bbox 222 546 256 595; x_wconf 71' lang='grc' dir='ltr'><em>ξ.</em></span> <span class='ocrx_word' id='word_1_31' title='bbox 296 547 365 583; x_wconf 88' lang='lat'><em>28.</em></span> <span class='ocrx_word' id='word_1_32' title='bbox 403 542 461 583; x_wconf 93' lang='lat' dir='ltr'><em>Vt</em></span> <span class='ocrx_word' id='word_1_33' title='bbox 490 552 626 584; x_wconf 85' lang='lat' dir='ltr'><em>motus</em></span> <span class='ocrx_word' id='word_1_34' title='bbox 656 540 849 597; x_wconf 86' lang='lat' dir='ltr'><em>sanguinis</em></span> <span class='ocrx_word' id='word_1_35' title='bbox 881 540 1091 596; x_wconf 81' lang='lat' dir='ltr'><em>aequabilis</em></span> <span class='ocrx_word' id='word_1_36' title='bbox 1119 540 1168 591; x_wconf 68' lang='grc' dir='ltr'><em>(ξ.</em></span> <span class='ocrx_word' id='word_1_37' title='bbox 1197 545 1289 593; x_wconf 86' lang='lat'><em>24.)</em></span> <span class='ocrx_word' id='word_1_38' title='bbox 1310 553 1403 596; x_wconf 74' lang='lat' dir='ltr'><em>per·-</em></span> 
     </span>
     <span class='ocr_line' id='line_1_7' title="bbox 108 602 1403 662; baseline -0.001 -14"><span class='ocrx_word' id='word_1_39' title='bbox 108 618 243 658; x_wconf 73' lang='lat' dir='ltr'><em>emet,</em></span> <span class='ocrx_word' id='word_1_40' title='bbox 274 621 372 650; x_wconf 79' lang='lat' dir='ltr'><em>vena</em></span> <span class='ocrx_word' id='word_1_41' title='bbox 398 606 620 662; x_wconf 84' lang='lat' dir='ltr'><em>pulmonalis</em></span> <span class='ocrx_word' id='word_1_42' title='bbox 654 613 797 648; x_wconf 86' lang='lat' dir='ltr'><em>tantum</em></span> <span class='ocrx_word' id='word_1_43' title='bbox 812 602 1008 660; x_wconf 79' lang='lat' dir='ltr'><em>sanguinis</em></span> <span class='ocrx_word' id='word_1_44' title='bbox 1042 609 1079 648; x_wconf 84' lang='lat' dir='ltr'><em>in</em></span> <span class='ocrx_word' id='word_1_45' title='bbox 1097 608 1299 648; x_wconf 86' lang='lat' dir='ltr'><em>cauitatem</em></span> <span class='ocrx_word' id='word_1_46' title='bbox 1317 617 1403 648; x_wconf 46' lang='lat' dir='ltr'><em>cor*</em></span> 
     </span>
     <span class='ocr_line' id='line_1_8' title="bbox 109 667 1405 727; baseline -0.002 -14"><span class='ocrx_word' id='word_1_47' title='bbox 109 672 170 713; x_wconf 86' lang='lat' dir='ltr'><em>dis</em></span> <span class='ocrx_word' id='word_1_48' title='bbox 188 673 379 727; x_wconf 81' lang='lat' dir='ltr'><em>finistram</em></span> <span class='ocrx_word' id='word_1_49' title='bbox 411 672 583 726; x_wconf 82' lang='lat' dir='ltr'><em>deponit,</em></span> <span class='ocrx_word' id='word_1_50' title='bbox 617 678 791 725; x_wconf 86' lang='lat' dir='ltr'><em>quantum</em></span> <span class='ocrx_word' id='word_1_51' title='bbox 822 683 871 712; x_wconf 89' lang='lat' dir='ltr'><em>ex</em></span> <span class='ocrx_word' id='word_1_52' title='bbox 904 673 1053 712; x_wconf 87' lang='lat' dir='ltr'><em>arteria</em></span> <span class='ocrx_word' id='word_1_53' title='bbox 1083 667 1157 725; x_wconf 74' lang='lat' dir='ltr'><em>fita</em></span> <span class='ocrx_word' id='word_1_54' title='bbox 1199 673 1405 726; x_wconf 82' lang='lat' dir='ltr'><em>cognomine</em></span> 
     </span>
     <span class='ocr_line' id='line_1_9' title="bbox 110 735 1406 791; baseline -0.001 -16"><span class='ocrx_word' id='word_1_55' title='bbox 110 739 161 785; x_wconf 65' lang='grc' dir='ltr'><em>(ξ.</em></span> <span class='ocrx_word' id='word_1_56' title='bbox 188 742 280 787; x_wconf 89' lang='lat'>27.)</span> <span class='ocrx_word' id='word_1_57' title='bbox 311 738 471 791; x_wconf 85' lang='lat' dir='ltr'><em>recepit:</em></span> <span class='ocrx_word' id='word_1_58' title='bbox 506 747 633 789; x_wconf 87' lang='lat' dir='ltr'><em>neque</em></span> <span class='ocrx_word' id='word_1_59' title='bbox 666 737 823 788; x_wconf 76' lang='lat' dir='ltr'><em>minus3</em></span> <span class='ocrx_word' id='word_1_60' title='bbox 854 742 1028 790; x_wconf 85' lang='lat' dir='ltr'><em>quantum</em></span> <span class='ocrx_word' id='word_1_61' title='bbox 1060 735 1228 790; x_wconf 83' lang='lat' dir='ltr'><em>deponit,</em></span> <span class='ocrx_word' id='word_1_62' title='bbox 1260 741 1406 777; x_wconf 88' lang='lat' dir='ltr'><em>tantum</em></span> 
     </span>
     <span class='ocr_line' id='line_1_10' title="bbox 111 799 1404 856; baseline -0.002 -16"><span class='ocrx_word' id='word_1_63' title='bbox 111 811 249 854; x_wconf 83' lang='lat' dir='ltr'><em>quoque</em></span> <span class='ocrx_word' id='word_1_64' title='bbox 280 814 330 841; x_wconf 74' lang='lat' dir='ltr'><em>ex</em></span> <span class='ocrx_word' id='word_1_65' title='bbox 363 800 434 856; x_wconf 85' lang='lat' dir='ltr'><em>ista</em></span> <span class='ocrx_word' id='word_1_66' title='bbox 465 803 630 842; x_wconf 84' lang='lat' dir='ltr'><em>cauitate</em></span> <span class='ocrx_word' id='word_1_67' title='bbox 662 800 774 841; x_wconf 85' lang='lat' dir='ltr'><em>denuo</em></span> <span class='ocrx_word' id='word_1_68' title='bbox 800 802 1018 854; x_wconf 79' lang='lat' dir='ltr'><em>proiicitur:</em></span> <span class='ocrx_word' id='word_1_69' title='bbox 1056 799 1081 840; x_wconf 84' lang='lat' dir='ltr'>fi</span> <span class='ocrx_word' id='word_1_70' title='bbox 1114 800 1224 841; x_wconf 86' lang='lat' dir='ltr'><em>enim</em></span> <span class='ocrx_word' id='word_1_71' title='bbox 1266 800 1404 855; x_wconf 86' lang='lat' dir='ltr'><em>portio</em></span> 
     </span>
     <span class='ocr_line' id='line_1_11' title="bbox 111 864 1407 918; baseline -0.002 -13"><span class='ocrx_word' id='word_1_72' title='bbox 111 865 248 905; x_wconf 89' lang='lat' dir='ltr'><em>minor</em></span> <span class='ocrx_word' id='word_1_73' title='bbox 279 873 347 904; x_wconf 87' lang='lat' dir='ltr'><em>aut</em></span> <span class='ocrx_word' id='word_1_74' title='bbox 377 865 660 916; x_wconf 80' lang='lat' dir='ltr'><em>deponeretur,</em></span> <span class='ocrx_word' id='word_1_75' title='bbox 694 874 760 904; x_wconf 86' lang='lat' dir='ltr'><em>aut</em></span> <span class='ocrx_word' id='word_1_76' title='bbox 795 864 1074 918; x_wconf 87' lang='lat' dir='ltr'><em>proiiceretur:</em></span> <span class='ocrx_word' id='word_1_77' title='bbox 1111 873 1203 906; x_wconf 88' lang='lat' dir='ltr'><em>tunc</em></span> <span class='ocrx_word' id='word_1_78' title='bbox 1235 874 1301 906; x_wconf 86' lang='lat' dir='ltr'><em>aut</em></span> <span class='ocrx_word' id='word_1_79' title='bbox 1332 875 1407 904; x_wconf 81' lang='lat' dir='ltr'><em>ve-</em></span> 
     </span>
     <span class='ocr_line' id='line_1_12' title="bbox 113 926 1409 982; baseline -0.001 -15"><span class='ocrx_word' id='word_1_80' title='bbox 113 940 163 967; x_wconf 84' lang='lat' dir='ltr'><em>na</em></span> <span class='ocrx_word' id='word_1_81' title='bbox 197 937 238 967; x_wconf 90' lang='lat' dir='ltr'><em>et</em></span> <span class='ocrx_word' id='word_1_82' title='bbox 255 927 402 968; x_wconf 85' lang='lat' dir='ltr'><em>cauitas</em></span> <span class='ocrx_word' id='word_1_83' title='bbox 421 926 564 968; x_wconf 79' lang='lat' dir='ltr'><em>sinistra</em></span> <span class='ocrx_word' id='word_1_84' title='bbox 586 928 746 969; x_wconf 86' lang='lat' dir='ltr'><em>tandem</em></span> <span class='ocrx_word' id='word_1_85' title='bbox 766 938 1048 982; x_wconf 85' lang='lat' dir='ltr'><em>rumperentur</em></span> <span class='ocrx_word' id='word_1_86' title='bbox 1061 959 1072 979; x_wconf 84' lang='lat'><strong>‚</strong></span> <span class='ocrx_word' id='word_1_87' title='bbox 1091 938 1158 968; x_wconf 86' lang='lat' dir='ltr'><em>aut</em></span> <span class='ocrx_word' id='word_1_88' title='bbox 1179 927 1316 969; x_wconf 78' lang='lat' dir='ltr'><em>infusio</em></span> <span class='ocrx_word' id='word_1_89' title='bbox 1335 928 1409 966; x_wconf 76' lang='lat' dir='ltr'><em>de-</em></span> 
     </span>
     <span class='ocr_line' id='line_1_13' title="bbox 115 989 1409 1045; baseline -0.001 -16"><span class='ocrx_word' id='word_1_90' title='bbox 115 989 318 1040; x_wconf 85' lang='lat' dir='ltr'>cresceret,</span> <span class='ocrx_word' id='word_1_91' title='bbox 337 990 405 1029; x_wconf 76' lang='lat' dir='ltr'><em>vel</em></span> <span class='ocrx_word' id='word_1_92' title='bbox 425 990 540 1044; x_wconf 86' lang='lat' dir='ltr'><em>plane</em></span> <span class='ocrx_word' id='word_1_93' title='bbox 560 991 793 1045; x_wconf 76' lang='lat' dir='ltr'><em>tolleretur3</em></span> <span class='ocrx_word' id='word_1_94' title='bbox 830 992 870 1031; x_wconf 89' lang='lat' dir='ltr'><em>id</em></span> <span class='ocrx_word' id='word_1_95' title='bbox 903 992 1010 1043; x_wconf 91' lang='lat' dir='ltr'><em>quod</em></span> <span class='ocrx_word' id='word_1_96' title='bbox 1035 990 1246 1043; x_wconf 74' lang='lat' dir='ltr'><em>hypothesi</em></span> <span class='ocrx_word' id='word_1_97' title='bbox 1288 1002 1409 1043; x_wconf 87' lang='lat' dir='ltr'><em>repu-</em></span> 
     </span>
     <span class='ocr_line' id='line_1_14' title="bbox 116 1051 1409 1110; baseline 0 -16"><span class='ocrx_word' id='word_1_98' title='bbox 116 1063 225 1108; x_wconf 85' lang='lat' dir='ltr'><em>gnat.</em></span> <span class='ocrx_word' id='word_1_99' title='bbox 292 1051 487 1095; x_wconf 83' lang='lat' dir='ltr'><em>Similiter</em></span> <span class='ocrx_word' id='word_1_100' title='bbox 529 1067 594 1095; x_wconf 86' lang='lat' dir='ltr'><em>nec</em></span> <span class='ocrx_word' id='word_1_101' title='bbox 619 1054 706 1110; x_wconf 87' lang='lat' dir='ltr'><em>plus</em></span> <span class='ocrx_word' id='word_1_102' title='bbox 737 1068 802 1097; x_wconf 88' lang='lat' dir='ltr'><em>nec</em></span> <span class='ocrx_word' id='word_1_103' title='bbox 835 1055 952 1097; x_wconf 81' lang='lat' dir='ltr'><em>minus</em></span> <span class='ocrx_word' id='word_1_104' title='bbox 982 1067 1003 1095; x_wconf 83' lang='lat' dir='ltr'><em>e</em></span> <span class='ocrx_word' id='word_1_105' title='bbox 1034 1053 1236 1095; x_wconf 80' lang='lat' dir='ltr'><em>ventriculo</em></span> <span class='ocrx_word' id='word_1_106' title='bbox 1276 1054 1409 1095; x_wconf 82' lang='lat' dir='ltr'><em>dextro</em></span> 
     </span>
    </p>
   </div>
   <div class='ocr_carea' id='block_1_4' title="bbox 104 1115 1411 1239">
    <p class='ocr_par' dir='ltr' id='par_1_4' title="bbox 104 1115 1411 1239">
     <span class='ocr_line' id='line_1_15' title="bbox 119 1115 1411 1172; baseline 0.002 -14"><span class='ocrx_word' id='word_1_107' title='bbox 119 1121 157 1159; x_wconf 84' lang='lat' dir='ltr'><em>in</em></span> <span class='ocrx_word' id='word_1_108' title='bbox 182 1116 369 1172; x_wconf 84' lang='lat' dir='ltr'><em>pulmones</em></span> <span class='ocrx_word' id='word_1_109' title='bbox 396 1115 631 1172; x_wconf 81' lang='lat' dir='ltr'><em>propellitur,</em></span> <span class='ocrx_word' id='word_1_110' title='bbox 665 1119 805 1158; x_wconf 85' lang='lat' dir='ltr'><em>ceteris</em></span> <span class='ocrx_word' id='word_1_111' title='bbox 837 1118 1010 1172; x_wconf 67' lang='lat' dir='ltr'><em>paribus»,</em></span> <span class='ocrx_word' id='word_1_112' title='bbox 1046 1129 1158 1171; x_wconf 89' lang='lat' dir='ltr'><em>quam</em></span> <span class='ocrx_word' id='word_1_113' title='bbox 1198 1130 1247 1159; x_wconf 80' lang='lat' dir='ltr'><em>ex</em></span> <span class='ocrx_word' id='word_1_114' title='bbox 1289 1117 1411 1160; x_wconf 73' lang='lat' dir='ltr'><em>Canis</em></span> 
     </span>
     <span class='ocr_line' id='line_1_16' title="bbox 104 1180 390 1239; baseline 0 -17"><span class='ocrx_word' id='word_1_115' title='bbox 104 1183 191 1239; x_wconf 82' lang='lat' dir='ltr'><em>suit</em></span> <span class='ocrx_word' id='word_1_116' title='bbox 224 1180 390 1222; x_wconf 87' lang='lat' dir='ltr'><em>allatum.</em></span> 
     </span>
    </p>
   </div>
   <div class='ocr_carea' id='block_1_5' title="bbox 119 1308 1422 2069">
    <p class='ocr_par' dir='ltr' id='par_1_5' title="bbox 119 1308 1422 2002">
     <span class='ocr_line' id='line_1_17' title="bbox 237 1308 1416 1366; baseline 0.003 -20"><span class='ocrx_word' id='word_1_117' title='bbox 237 1311 270 1357; x_wconf 68' lang='grc' dir='ltr'><em>ξ.</em></span> <span class='ocrx_word' id='word_1_118' title='bbox 310 1322 383 1358; x_wconf 87' lang='lat'><em>29.</em></span> <span class='ocrx_word' id='word_1_119' title='bbox 419 1309 630 1366; x_wconf 75' lang='lat' dir='ltr'><em>Quantitas</em></span> <span class='ocrx_word' id='word_1_120' title='bbox 661 1310 781 1360; x_wconf 85' lang='lat' dir='ltr'><em>igitur</em></span> <span class='ocrx_word' id='word_1_121' title='bbox 813 1308 1006 1360; x_wconf 77' lang='lat' dir='ltr'><em>sanguinis</em></span> <span class='ocrx_word' id='word_1_122' title='bbox 1025 1320 1046 1347; x_wconf 85' lang='lat' dir='ltr'><em>a</em></span> <span class='ocrx_word' id='word_1_123' title='bbox 1065 1309 1285 1349; x_wconf 82' lang='lat' dir='ltr'><em>ventriculo</em></span> <span class='ocrx_word' id='word_1_124' title='bbox 1314 1310 1416 1349; x_wconf 83' lang='lat' dir='ltr'>dex-</span> 
     </span>
     <span class='ocr_line' id='line_1_18' title="bbox 119 1367 1413 1426; baseline 0.001 -14"><span class='ocrx_word' id='word_1_125' title='bbox 119 1380 185 1412; x_wconf 92' lang='lat' dir='ltr'><em>tro</em></span> <span class='ocrx_word' id='word_1_126' title='bbox 204 1367 390 1426; x_wconf 75' lang='lat' dir='ltr'><em>ficfiepta,</em></span> <span class='ocrx_word' id='word_1_127' title='bbox 424 1371 464 1411; x_wconf 90' lang='lat' dir='ltr'><em>in</em></span> <span class='ocrx_word' id='word_1_128' title='bbox 499 1371 772 1425; x_wconf 73' lang='lat' dir='ltr'><em>pulmon-alem</em></span> <span class='ocrx_word' id='word_1_129' title='bbox 808 1371 994 1412; x_wconf 83' lang='lat' dir='ltr'><em>arteriam</em></span> <span class='ocrx_word' id='word_1_130' title='bbox 1040 1372 1176 1413; x_wconf 67' lang='lat' dir='ltr'><em>inieHa</em></span> <span class='ocrx_word' id='word_1_131' title='bbox 1221 1375 1268 1424; x_wconf 62' lang='grc' dir='ltr'><em>(ξ.</em></span> <span class='ocrx_word' id='word_1_132' title='bbox 1305 1376 1413 1426; x_wconf 75' lang='grc'>28.),</span> 
     </span>
     <span class='ocr_line' id='line_1_19' title="bbox 120 1433 1413 1491; baseline 0.002 -16"><span class='ocrx_word' id='word_1_133' title='bbox 120 1449 190 1491; x_wconf 88' lang='lat' dir='ltr'><em>per</em></span> <span class='ocrx_word' id='word_1_134' title='bbox 225 1448 371 1476; x_wconf 80' lang='lat' dir='ltr'><em>venam</em></span> <span class='ocrx_word' id='word_1_135' title='bbox 406 1437 452 1486; x_wconf 69' lang='grc' dir='ltr'><em>(ξ.</em></span> <span class='ocrx_word' id='word_1_136' title='bbox 481 1440 570 1486; x_wconf 87' lang='lat'><em>27.)</em></span> <span class='ocrx_word' id='word_1_137' title='bbox 606 1435 884 1489; x_wconf 86' lang='lat' dir='ltr'><em>pulmonalem</em></span> <span class='ocrx_word' id='word_1_138' title='bbox 928 1436 1040 1476; x_wconf 87' lang='lat' dir='ltr'><em>cordi</em></span> <span class='ocrx_word' id='word_1_139' title='bbox 1084 1436 1232 1477; x_wconf 74' lang='lat' dir='ltr'><em>sinistro</em></span> <span class='ocrx_word' id='word_1_140' title='bbox 1268 1433 1413 1491; x_wconf 68' lang='lat' dir='ltr'><em>infusa,</em></span> 
     </span>
     <span class='ocr_line' id='line_1_20' title="bbox 122 1495 1418 1555; baseline 0.001 -14"><span class='ocrx_word' id='word_1_141' title='bbox 122 1500 213 1541; x_wconf 89' lang='lat' dir='ltr'><em>inde</em></span> <span class='ocrx_word' id='word_1_142' title='bbox 236 1502 275 1539; x_wconf 88' lang='lat' dir='ltr'><em>in</em></span> <span class='ocrx_word' id='word_1_143' title='bbox 295 1510 446 1540; x_wconf 86' lang='lat' dir='ltr'><em>aortam</em></span> <span class='ocrx_word' id='word_1_144' title='bbox 463 1496 637 1555; x_wconf 86' lang='lat' dir='ltr'><em>protrusa</em></span> <span class='ocrx_word' id='word_1_145' title='bbox 657 1495 710 1549; x_wconf 57' lang='grc' dir='ltr'><em>(ὅ.</em></span> <span class='ocrx_word' id='word_1_146' title='bbox 730 1503 966 1552; x_wconf 77' lang='lat' dir='ltr'><em>28.),atque</em></span> <span class='ocrx_word' id='word_1_147' title='bbox 986 1500 1028 1539; x_wconf 88' lang='lat' dir='ltr'><em>in</em></span> <span class='ocrx_word' id='word_1_148' title='bbox 1057 1512 1181 1540; x_wconf 84' lang='lat' dir='ltr'><em>venae</em></span> <span class='ocrx_word' id='word_1_149' title='bbox 1209 1514 1328 1541; x_wconf 80' lang='lat' dir='ltr'><em>cauae</em></span> <span class='ocrx_word' id='word_1_150' title='bbox 1356 1502 1418 1542; x_wconf 56' lang='lat' dir='ltr'><em>{tl-⁴</em></span> 
     </span>
     <span class='ocr_line' id='line_1_21' title="bbox 123 1560 1420 1620; baseline 0.002 -16"><span class='ocrx_word' id='word_1_151' title='bbox 123 1576 243 1604; x_wconf 83' lang='lat' dir='ltr'><em>neum</em></span> <span class='ocrx_word' id='word_1_152' title='bbox 264 1565 314 1614; x_wconf 67' lang='grc' dir='ltr'><em>(ξ.</em></span> <span class='ocrx_word' id='word_1_153' title='bbox 332 1568 422 1615; x_wconf 83' lang='lat'><em>24.)</em></span> <span class='ocrx_word' id='word_1_154' title='bbox 440 1561 647 1620; x_wconf 81' lang='lat' dir='ltr'><em>transfusa,</em></span> <span class='ocrx_word' id='word_1_155' title='bbox 669 1573 764 1605; x_wconf 87' lang='lat' dir='ltr'><em>motu</em></span> <span class='ocrx_word' id='word_1_156' title='bbox 781 1560 964 1616; x_wconf 79' lang='lat' dir='ltr'><em>sanguinis</em></span> <span class='ocrx_word' id='word_1_157' title='bbox 986 1564 1152 1605; x_wconf 87' lang='lat' dir='ltr'><em>naturali</em></span> <span class='ocrx_word' id='word_1_158' title='bbox 1172 1573 1212 1604; x_wconf 90' lang='lat' dir='ltr'><em>et</em></span> <span class='ocrx_word' id='word_1_159' title='bbox 1232 1564 1420 1620; x_wconf 80' lang='lat' dir='ltr'><em>aequabili</em></span> 
     </span>
     <span class='ocr_line' id='line_1_22' title="bbox 124 1628 1420 1686; baseline 0.002 -20"><span class='ocrx_word' id='word_1_160' title='bbox 124 1631 268 1679; x_wconf 77' lang='lat'><em>&lt;§.24.)</em></span> <span class='ocrx_word' id='word_1_161' title='bbox 287 1629 472 1684; x_wconf 79' lang='lat' dir='ltr'><em>existente,</em></span> <span class='ocrx_word' id='word_1_162' title='bbox 492 1630 539 1686; x_wconf 79' lang='lat' dir='ltr'><em>est</em></span> <span class='ocrx_word' id='word_1_163' title='bbox 558 1630 691 1683; x_wconf 80' lang='lat' dir='ltr'><em>vbique</em></span> <span class='ocrx_word' id='word_1_164' title='bbox 708 1628 965 1669; x_wconf 83' lang='lat' dir='ltr'><em>eadem.Patet</em></span> <span class='ocrx_word' id='word_1_165' title='bbox 982 1628 1078 1669; x_wconf 85' lang='lat' dir='ltr'><em>haec</em></span> <span class='ocrx_word' id='word_1_166' title='bbox 1100 1629 1153 1669; x_wconf 86' lang='lat' dir='ltr'><em>ita</em></span> <span class='ocrx_word' id='word_1_167' title='bbox 1174 1629 1259 1670; x_wconf 87' lang='lat' dir='ltr'><em>fieri</em></span> <span class='ocrx_word' id='word_1_168' title='bbox 1277 1629 1420 1670; x_wconf 78' lang='lat' dir='ltr'><em>debere</em></span> 
     </span>
     <span class='ocr_line' id='line_1_23' title="bbox 124 1691 1422 1748; baseline 0.002 -16"><span class='ocrx_word' id='word_1_169' title='bbox 124 1704 180 1732; x_wconf 86' lang='lat' dir='ltr'><em>ex</em></span> <span class='ocrx_word' id='word_1_170' title='bbox 212 1691 417 1742; x_wconf 60' lang='lat' dir='ltr'><em>necifftate</em></span> <span class='ocrx_word' id='word_1_171' title='bbox 448 1704 606 1733; x_wconf 82' lang='lat' dir='ltr'><em>naturae</em></span> <span class='ocrx_word' id='word_1_172' title='bbox 625 1694 672 1742; x_wconf 64' lang='grc' dir='ltr'><em>(ξ.</em></span> <span class='ocrx_word' id='word_1_173' title='bbox 698 1696 1052 1746; x_wconf 74' lang='lat'>24.25.27.28.)3</span> <span class='ocrx_word' id='word_1_174' title='bbox 1090 1705 1321 1748; x_wconf 81' lang='lat' dir='ltr'><em>quaecunque</em></span> <span class='ocrx_word' id='word_1_175' title='bbox 1349 1695 1422 1734; x_wconf 82' lang='lat' dir='ltr'><em>de-</em></span> 
     </span>
     <span class='ocr_line' id='line_1_24' title="bbox 129 1757 1420 1811; baseline 0.002 -16"><span class='ocrx_word' id='word_1_176' title='bbox 129 1758 245 1810; x_wconf 77' lang='lat' dir='ltr'><em>nique</em></span> <span class='ocrx_word' id='word_1_177' title='bbox 278 1757 326 1796; x_wconf 87' lang='lat' dir='ltr'><em>fit</em></span> <span class='ocrx_word' id='word_1_178' title='bbox 365 1759 578 1811; x_wconf 86' lang='lat' dir='ltr'><em>proportio</em></span> <span class='ocrx_word' id='word_1_179' title='bbox 612 1757 714 1798; x_wconf 87' lang='lat' dir='ltr'><em>inter</em></span> <span class='ocrx_word' id='word_1_180' title='bbox 746 1758 963 1797; x_wconf 79' lang='lat' dir='ltr'><em>diametros</em></span> <span class='ocrx_word' id='word_1_181' title='bbox 1008 1770 1133 1798; x_wconf 78' lang='lat' dir='ltr'><em>venae</em></span> <span class='ocrx_word' id='word_1_182' title='bbox 1175 1767 1215 1798; x_wconf 87' lang='lat' dir='ltr'><em>et</em></span> <span class='ocrx_word' id='word_1_183' title='bbox 1256 1760 1420 1799; x_wconf 73' lang='lat' dir='ltr'><em>arteriae</em></span> 
     </span>
     <span class='ocr_line' id='line_1_25' title="bbox 129 1820 1420 1877; baseline 0.002 -17"><span class='ocrx_word' id='word_1_184' title='bbox 129 1821 382 1873; x_wconf 81' lang='lat' dir='ltr'><em>pulmonalis,</em></span> <span class='ocrx_word' id='word_1_185' title='bbox 421 1832 460 1861; x_wconf 89' lang='lat' dir='ltr'><em>ct</em></span> <span class='ocrx_word' id='word_1_186' title='bbox 484 1831 643 1874; x_wconf 84' lang='lat' dir='ltr'><em>aortae·</em></span> <span class='ocrx_word' id='word_1_187' title='bbox 682 1831 725 1861; x_wconf 91' lang='lat' dir='ltr'><em>vt</em></span> <span class='ocrx_word' id='word_1_188' title='bbox 745 1821 811 1862; x_wconf 84' lang='lat' dir='ltr'><em>vel</em></span> <span class='ocrx_word' id='word_1_189' title='bbox 831 1822 925 1861; x_wconf 91' lang='lat' dir='ltr'><em>inde</em></span> <span class='ocrx_word' id='word_1_190' title='bbox 946 1820 1154 1863; x_wconf 82' lang='lat' dir='ltr'><em>infirmitas</em></span> <span class='ocrx_word' id='word_1_191' title='bbox 1183 1821 1420 1877; x_wconf 81' lang='lat' dir='ltr'><em>suppositio-</em></span> 
     </span>
     <span class='ocr_line' id='line_1_26' title="bbox 131 1880 1418 1938; baseline 0.002 -15"><span class='ocrx_word' id='word_1_192' title='bbox 131 1897 226 1924; x_wconf 86' lang='lat' dir='ltr'><em>num</em></span> <span class='ocrx_word' id='word_1_193' title='bbox 262 1884 540 1937; x_wconf 79' lang='lat' dir='ltr'><em>Meryanarum</em></span> <span class='ocrx_word' id='word_1_194' title='bbox 573 1885 773 1934; x_wconf 84' lang='lat' dir='ltr'><em>(Histoire</em></span> <span class='ocrx_word' id='word_1_195' title='bbox 805 1880 901 1927; x_wconf 88' lang='lat' dir='ltr'>del’</span> <span class='ocrx_word' id='word_1_196' title='bbox 921 1885 1049 1927; x_wconf 86' lang='lat' dir='ltr'><em>Acad.</em></span> <span class='ocrx_word' id='word_1_197' title='bbox 1072 1887 1138 1928; x_wconf 89' lang='lat' dir='ltr'><em>des</em></span> <span class='ocrx_word' id='word_1_198' title='bbox 1157 1884 1222 1928; x_wconf 89' lang='lat' dir='ltr'><em>Sc.</em></span> <span class='ocrx_word' id='word_1_199' title='bbox 1265 1889 1418 1938; x_wconf 90' lang='lat'>1699.)</span> 
     </span>
     <span class='ocr_line' id='line_1_27' title="bbox 132 1947 589 2002; baseline 0.002 -15"><span class='ocrx_word' id='word_1_200' title='bbox 132 1947 351 1989; x_wconf 84' lang='lat' dir='ltr'>luculenter</span> <span class='ocrx_word' id='word_1_201' title='bbox 390 1958 589 2002; x_wconf 81' lang='lat' dir='ltr'><em>appareat.</em></span> 
     </span>
    </p>

    <p class='ocr_par' dir='ltr' id='par_1_6' title="bbox 249 2011 1422 2069">
     <span class='ocr_line' id='line_1_28' title="bbox 249 2011 1422 2069; baseline 0.004 -18"><span class='ocrx_word' id='word_1_202' title='bbox 249 2014 282 2062; x_wconf 67' lang='grc' dir='ltr'><em>ξ.</em></span> <span class='ocrx_word' id='word_1_203' title='bbox 323 2025 395 2062; x_wconf 85' lang='lat'><em>30.</em></span> <span class='ocrx_word' id='word_1_204' title='bbox 434 2013 572 2053; x_wconf 88' lang='lat' dir='ltr'><em>Portio</em></span> <span class='ocrx_word' id='word_1_205' title='bbox 605 2011 797 2066; x_wconf 79' lang='lat' dir='ltr'><em>sanguinis</em></span> <span class='ocrx_word' id='word_1_206' title='bbox 829 2026 851 2054; x_wconf 83' lang='lat' dir='ltr'><em>e</em></span> <span class='ocrx_word' id='word_1_207' title='bbox 882 2015 1001 2055; x_wconf 88' lang='lat' dir='ltr'><em>corde</em></span> <span class='ocrx_word' id='word_1_208' title='bbox 1038 2014 1228 2069; x_wconf 54' lang='lat' dir='ltr'><em>proiedta,</em></span> <span class='ocrx_word' id='word_1_209' title='bbox 1264 2025 1303 2056; x_wconf 88' lang='lat' dir='ltr'><em>et</em></span> <span class='ocrx_word' id='word_1_210' title='bbox 1323 2017 1422 2056; x_wconf 79' lang='lat' dir='ltr'><em>intra</em></span> 
     </span>
    </p>
   </div>
   <div class='ocr_carea' id='block_1_6' title="bbox 134 2076 1421 2185">
    <p class='ocr_par' dir='ltr' id='par_1_7' title="bbox 134 2076 1421 2185">
     <span class='ocr_line' id='line_1_29' title="bbox 134 2076 1420 2136; baseline 0.004 -21"><span class='ocrx_word' id='word_1_211' title='bbox 134 2085 288 2116; x_wconf 81' lang='lat' dir='ltr'><em>aortam</em></span> <span class='ocrx_word' id='word_1_212' title='bbox 328 2077 364 2116; x_wconf 88' lang='lat' dir='ltr'><em>se</em></span> <span class='ocrx_word' id='word_1_213' title='bbox 405 2078 597 2134; x_wconf 85' lang='lat' dir='ltr'><em>recipiens</em></span> <span class='ocrx_word' id='word_1_214' title='bbox 646 2087 798 2120; x_wconf 79' lang='lat' dir='ltr'><em>tantum</em></span> <span class='ocrx_word' id='word_1_215' title='bbox 845 2089 1011 2135; x_wconf 79' lang='lat' dir='ltr'><em>occupat</em></span> <span class='ocrx_word' id='word_1_216' title='bbox 1041 2076 1188 2136; x_wconf 74' lang='lat' dir='ltr'><em>spatii,</em></span> <span class='ocrx_word' id='word_1_217' title='bbox 1232 2091 1420 2135; x_wconf 78' lang='lat' dir='ltr'><em>quantum</em></span> 
     </span>
     <span class='ocr_line' id='line_1_30' title="bbox 137 2138 1421 2185; baseline 0.003 -5"><span class='ocrx_word' id='word_1_218' title='bbox 137 2138 246 2180; x_wconf 85' lang='lat' dir='ltr'><em>Tom.</em></span> <span class='ocrx_word' id='word_1_219' title='bbox 280 2141 360 2183; x_wconf 88' lang='lat' dir='ltr'><em>VI.</em></span> <span class='ocrx_word' id='word_1_220' title='bbox 749 2142 818 2183; x_wconf 90' lang='lat' dir='ltr'><em>Oo</em></span> <span class='ocrx_word' id='word_1_221' title='bbox 1268 2145 1421 2185; x_wconf 78' lang='lat' dir='ltr'><em>ratione</em></span> 
     </span>
    </p>
   </div>
  </div>
 </body>
</html>
