1932 2641
250 88 333 134 DE
364 81 810 134 CIRCVLATIONE
841 80 1167 131 SANGVINIS’
1288 97 1377 142 301

93 216 205 251 extra
239 209 398 250 arterias
434 204 471 246 se
505 205 743 247 subduxerit.
810 204 899 246 Hoc
933 213 1084 247 tantum
1127 215 1382 261 argumenta-

93 273 268 314 tionibus
300 271 400 313 meis
434 271 576 311 innuo.
614 270 642 312 fi
676 269 852 311 Vniuersa
888 267 1009 310 masfa
1042 271 1247 324 fimguinea
1276 281 1382 312 tam-

89 349 210 391 quam
229 334 424 389 quiescens
451 333 712 389 supponatur,
746 343 786 374 et
804 335 884 374 iam
904 346 975 374 cor
992 335 1226 387 portionem
1250 336 1384 377 deter-

88 401 284 442 minatam
319 399 359 438 in
391 407 545 439 aortam
579 396 786 452 pronciat,
833 396 912 437 hoc
953 396 1079 452 ipsum
1123 399 1382 452 proiectionis

88 472 246 518 tempus
286 475 367 503 non
401 461 479 503 effe
528 471 783 503 momentum
826 461 921 502 illud
947 493 958 512 ,
1014 474 1093 516 quo
1145 461 1297 516 fimguis
1340 462 1382 500 in

87 537 210 568 venas
251 525 463 568 transfundi
504 527 682 580 incipiat,
729 526 792 566 sed
826 525 926 566 hanc
960 525 1257 568 transfufionem
1294 524 1382 566 fieri

86 599 154 630 aut
187 590 315 631 saltim
348 590 536 631 inchoare
571 600 754 644 tempore
787 589 992 643 diastole53
1030 603 1109 644 quo
1128 585 1290 644 quidem
1314 601 1382 630 ra·-

84 654 254 696 tiocinio
288 655 477 695 intactam
510 653 689 708 relinquo
710 653 811 698 hanc
832 654 1121 708 quaestionem:
1146 663 1287 708 quanta
1313 652 1383 693 illa

83 718 242 759 morula
280 719 340 770 sit,
374 731 472 773 quae
498 718 590 758 duas
611 716 882 758 transfusiones
910 715 1148 757 intercedat?
1168 731 1216 757 an
1237 729 1384 770 aequa-

85 779 134 821 lis
167 781 211 822 fit
245 784 422 836 tempori
456 781 637 823 diastoles
669 783 812 833 cordis,
856 793 904 822 an
947 782 1094 832 maior,
1138 794 1187 821 an
1229 781 1381 832 minor,

82 856 133 884 an
167 845 320 885 infinite
355 844 498 898 parua?
531 844 707 897 Deinde,
743 847 848 899 quod
882 845 1050 885 secundo
1086 845 1178 885 loco
1206 856 1382 885 monen-

84 909 182 948 dum
214 909 327 960 duxi,
361 908 390 949 fi
426 909 492 963 qui
527 908 626 961 sunt,
665 911 725 964 qui
746 919 947 964 quaerent,
970 909 1177 963 quomodo
1198 921 1258 959 ea,
1280 920 1382 961 quae

85 971 136 1012 de
169 973 348 1013 auriculis
366 972 452 1013 dixi
474 974 523 1023 (§.
551 977 663 1025 423,
684 974 734 1014 ad
754 984 961 1026 Vtramque
979 973 1165 1025 applicari
1183 971 1381 1023 debeant3

86 1047 180 1076 cum
214 1035 350 1076 dextra
387 1035 517 1075 multo
558 1039 692 1078 maior
735 1036 784 1078 fit
826 1035 991 1086 sinistra,
1033 1044 1074 1075 et
1116 1033 1382 1075 ventriculum

88 1099 276 1140 dextrum
310 1098 526 1152 capacitate
559 1098 621 1138 sua
655 1110 816 1151 aequet:
854 1101 902 1140 iis
921 1097 1153 1150 reSponsum
1172 1098 1276 1138 esto:
1308 1108 1383 1138 nec

88 1175 158 1203 me
176 1161 345 1204 caussam
364 1161 646 1216 inaequalitatis
665 1161 924 1202 auricularum
944 1172 1046 1201 nunc
1066 1160 1234 1213 allegare
1254 1158 1383 1215 poffe,

86 1238 160 1266 nec
194 1227 235 1267 id
268 1226 485 1267 institutum
519 1237 658 1265 meum
690 1226 912 1278 requirere,
951 1238 1070 1278 quare
1091 1227 1199 1265 enim
1219 1226 1383 1265 dextera

83 1288 260 1341 amplior
289 1290 335 1329 sit
368 1301 486 1341 quam
519 1289 681 1338 sinistra,
716 1288 755 1327 id
788 1299 866 1337 ego
879 1288 1037 1339 quidem
1059 1288 1242 1327 hactenns
1270 1286 1382 1339 fingo

82 1351 281 1404 ignorare.
326 1350 513 1391 Vidimus
533 1361 586 1389 ex
606 1348 940 1401 antecedentibus,
961 1358 1001 1389 et
1020 1350 1228 1391 multoties
1255 1348 1383 1390 incul-

83 1415 273 1467 cauimus‚
310 1415 570 1469 capacitatem
604 1412 786 1454 vasorum
829 1414 1026 1454 maiorem
1070 1424 1136 1454 aut
1176 1415 1382 1455 minorem

82 1479 227 1520 nullius
264 1479 379 1533 plane
413 1478 611 1520 momenti
645 1477 723 1517 effe
755 1478 797 1517 in
833 1476 909 1517 hoc
941 1478 1125 1530 negotio,
1158 1477 1286 1519 modo
1320 1478 1383 1517 vis

85 1541 314 1596 sanguinem
360 1542 510 1596 pellens
555 1541 711 1595 semper
752 1554 825 1594 par
859 1539 902 1580 fit
944 1541 1130 1581 omnibus
1181 1540 1383 1582 obstaculis

85 1606 317 1660 separandiS,
350 1608 391 1648 id
422 1608 529 1660 quod
561 1607 602 1648 in
636 1617 805 1658 corpore
838 1605 990 1645 viuenti
1035 1606 1248 1646 necessario
1291 1605 1384 1659 sup-

86 1671 261 1724 ponitur.
330 1668 466 1711 Cauffa
499 1670 670 1711 variatae
703 1669 925 1723 capacitatis
958 1669 1051 1709 alibi
1073 1669 1290 1724 quaerenda
1311 1669 1379 1710 est.

88 1731 227 1786 Dices,
259 1747 325 1775 me
364 1735 487 1775 multa
517 1734 676 1774 nescire.
744 1732 804 1773 Ita
827 1733 984 1786 quidem
1006 1734 1071 1773 est.
1142 1733 1219 1774 Sed
1242 1732 1380 1774 haste-

90 1811 159 1839 nus
191 1796 287 1839 fasta
321 1799 594 1852 quaefiuimus,
629 1807 668 1838 et
702 1810 745 1838 ea
780 1797 942 1851 quidem
975 1807 1040 1838 aut
1072 1797 1380 1851 phaenomena,

91 1871 158 1902 aut
190 1875 242 1902 ex
276 1864 399 1903 iidem
435 1862 670 1903 immediate
702 1863 889 1909 eruenda,
924 1862 1029 1915 queis
1047 1874 1109 1913 ea,
1131 1874 1229 1916 quae
1258 1861 1382 1903 nesci-

91 1938 190 1976 muS,
225 1927 383 1966 tandem
420 1925 668 1966 addiscantur.
735 1925 903 1966 Praestat
945 1926 1036 1966 scire
1078 1939 1219 1979 pauca,
1259 1938 1380 1979 quam

89 1988 300 2031 obtrudere
334 1999 374 2030 et
413 1991 479 2030 fibi
514 2000 555 2030 et
586 1989 835 2038 discentibus,
869 1990 1073 2032 ratiocinia
1106 1991 1381 2045 praecipitata,

92 2064 207 2107 vaga,
240 2063 280 2095 ct
312 2064 543 2110 apparenter
577 2063 730 2094 tantum
764 2066 872 2095 vera.

663 2117 692 2158 P
701 2131 728 2173 p
763 2131 786 2167 :3
1231 2116 1381 2162 AGR-
