1932 2641
491 110 580 148 294
699 95 780 137 DE
810 89 1254 135 CIRCVLArroNE
1283 90 1617 136 SANGVINIS.

484 213 687 263 minimis,
726 221 768 252 vt
800 212 871 252 vix
905 210 1041 250 vnicus
1059 209 1250 261 sanguinis
1269 210 1445 262 globulus
1464 214 1656 254 minimus
1682 223 1775 265 per-

484 279 630 330 tingat:
665 275 750 315 sunt
783 275 849 316 illa
883 285 1016 314 tamen
1050 273 1201 313 infinita
1235 286 1427 326 numero⁷
1459 288 1524 329 vt,
1559 289 1656 330 quae
1676 288 1774 330 por-

484 342 546 381 tio
581 340 774 393 {anguinis
808 352 887 380 non
921 338 991 378 11111
1011 338 1135 390 longo
1155 337 1347 390 temporis
1366 337 1568 380 interuallo
1594 352 1663 394 per
1682 340 1777 379 vni-

485 418 579 446 cum
614 406 758 446 ostium
791 415 1050 457 prorumpere
1083 412 1262 455 poterat,
1295 413 1396 440 nunc
1429 402 1468 440 in
1503 403 1672 443 infinitas
1712 404 1776 443 di—

486 469 565 510 uitii
602 469 867 522 portiunculas
900 467 1072 505 breuiori
1105 475 1288 519 tempore
1321 478 1398 518 per
1431 475 1564 519 portas
1592 468 1777 519 plurimas

488 534 624 586 egredi
656 531 792 586 ptulit,
827 542 947 583 quam
981 528 1194 583 facillime·⁷
1231 539 1272 570 et
1304 529 1435 570 totalis
1479 528 1680 570 transfusio
1713 531 1778 582 sy-

487 598 603 637 stoles
636 606 820 648 tempore
854 592 982 633 adhuc
1015 592 1244 633 absoluatur.
1312 593 1490 634 Tametsi
1510 606 1608 634 vero
1629 595 1781 646 partitis

486 660 731 712 temporibus
763 658 876 697 illam
910 657 995 697 fieri
1028 670 1118 697 cum
1142 657 1388 710 Physiologis
1407 659 1569 698 statuere
1589 658 1780 697 velimus:

489 724 677 764 omnium
708 722 880 762 minime
915 730 1049 761 tamen
1099 732 1258 762 motum
1301 721 1492 775 fimguinis
1535 720 1781 775 aequabilem

490 787 500 831 ς’
515 800 596 827 non
617 786 776 840 qualem
797 798 870 826 nos
889 785 999 838 supra
1034 786 1043 834 (
1057 786 1090 835 §.
1111 798 1182 836 24.
1200 792 1214 832 )
1245 785 1493 827 defiuiuimus
1511 785 1573 826 sed
1594 796 1646 826 ex
1665 797 1784 826 men-

488 860 528 890 te
560 850 787 892 Guiljelmini
803 883 813 902 ,
847 850 981 891 Bellini
1013 860 1089 890 etc.
1107 881 1119 901 ‚
1152 850 1255 903 quafi
1287 851 1326 890 in
1346 862 1571 903 quacunque
1600 848 1782 888 valorum

488 925 599 967 parte
631 914 782 966 sanguis
814 914 958 968 vbique
991 915 1131 955 eadem
1164 914 1364 955 celeritate
1396 912 1600 964 feratur,)
1638 912 1783 950 exinde

490 978 677 1018 deducere
710 978 859 1016 licebit.
927 977 1038 1017 Talis
1070 981 1204 1029 enim,
1242 987 1285 1018 vt
1313 977 1625 1023 demonstretur,
1659 984 1786 1025 opor*

493 1042 682 1091 tebit‚x⁷t‚
703 1053 785 1079 non
806 1053 906 1092 vage
926 1040 1004 1091 sed,
1024 1042 1285 1081 determinate
1304 1039 1638 1088 ostendatur7eam
1668 1047 1786 1090 prae-

495 1103 570 1142 eise
603 1103 916 1156 proportionem
950 1104 1051 1141 inter
1085 1101 1250 1141 maffam
1284 1101 1418 1150 fluidi,
1453 1101 1557 1142 illius
1591 1100 1786 1141 velocita-

492 1175 575 1207 tem
589 1198 599 1218 ,
628 1165 885 1218 vasorumque
904 1165 1162 1219 capacitatem
1183 1165 1416 1206 variabilem
1436 1166 1476 1204 in
1496 1176 1667 1219 corpore
1686 1176 1801 1204 con-n

493 1231 636 1271 stanter
669 1229 912 1279 conseruari,
949 1240 1047 1281 quae
1080 1229 1128 1269 ad
1162 1239 1294 1269 motus
1314 1229 1634 1283 aequabilitatem
1655 1226 1787 1268 neces-

495 1293 595 1332 sario
637 1292 863 1344 requiritur:
909 1291 1004 1330 haec
1043 1301 1175 1329 autem
1211 1293 1366 1330 definiri
1404 1305 1482 1330 non
1516 1293 1667 1342 potest7
1713 1290 1783 1329 nisi

497 1355 676 1397 mensura
727 1355 873 1394 virium
893 1354 1023 1393 cordis
1051 1362 1090 1391 et
1108 1354 1338 1394 arteriarum
1361 1352 1582 1406 horumque
1604 1352 1785 1392 vasorum

496 1421 690 1473 capacitas
710 1417 923 1470 respeftiua
952 1415 1192 1456 exac‘tissime
1212 1417 1255 1456 sit
1275 1418 1448 1469 cognita.
1517 1417 1693 1456 Tantum
1714 1427 1790 1454 ve—

499 1497 544 1524 ro
565 1483 690 1531 abest,
715 1490 756 1520 vt
776 1490 911 1520 motus
932 1478 1125 1531 fimguinis
1146 1481 1185 1519 in
1204 1480 1374 1522 sectione
1393 1492 1517 1520 venae
1536 1480 1582 1519 de
1602 1478 1791 1532 aequabi-

496 1547 607 1587 litate
628 1545 689 1585 sua
710 1545 810 1584 iutra
832 1542 918 1583 vala
939 1544 1113 1590 testetur,
1147 1552 1193 1583 vt
1212 1545 1343 1597 potius
1363 1545 1501 1585 eadem
1521 1543 1715 1585 methodo
1739 1541 1790 1581 il-

499 1611 573 1651 lius
611 1607 972 1662 inaequabilitatem
1013 1606 1199 1660 possimus
1227 1608 1514 1649 demonstrare:
1551 1609 1645 1647 dum
1679 1607 1788 1646 enim

498 1675 640 1716 arteria
677 1671 794 1712 incisa
829 1671 991 1711 fluidum
1025 1670 1134 1711 suum
1177 1685 1248 1725 per
1287 1671 1400 1713 saltus
1445 1671 1666 1726 profundit,
1703 1669 1789 1709 satis

502 1748 690 1792 apparet,
724 1744 884 1777 motum
917 1734 1133 1787 sanguinis,
1166 1736 1194 1775 fi
1214 1737 1372 1789 quidem
1395 1737 1437 1776 in
1474 1736 1609 1787 venis,
1645 1743 1683 1774 at
1705 1745 1790 1774 cer-

506 1808 547 1844 te
583 1815 651 1843 non
679 1803 715 1842 in
743 1801 922 1850 arteriis,
944 1806 951 1848 (
968 1800 1072 1852 quod
1092 1809 1227 1840 tamen
1248 1802 1422 1841 Antores
1441 1800 1618 1853 dicunt,)
1639 1808 1678 1839 et
1697 1798 1789 1838 hinc

504 1879 585 1908 non
618 1867 659 1906 in
693 1864 788 1905 VaslS
824 1864 1010 1906 omnibus
1043 1863 1287 1905 vniformem
1321 1864 1504 1905 existere.

622 1995 656 2043 ξ.
699 2003 771 2044 37.
807 1992 1098 2045 Intelligimus,
1132 1992 1244 2032 rebus
1277 1994 1462 2033 omnibus
1493 2002 1547 2033 lta
1579 1992 1787 2047 pensitatis,

509 2071 582 2102 nos
614 2058 865 2112 ignoratione
898 2057 1058 2112 pristina
1092 2059 1342 2109 (§.35.36‚)
1375 2057 1571 2099 laborare:
1606 2069 1724 2112 quam
1746 2067 1790 2096 vt

1668 2134 1789 2162 excu-
