1932 2641
530 102 621 146 272
848 85 931 134 DE
961 86 1143 134 CORDI
1143 86 1221 133 BV
1219 82 1252 132 S
1281 85 1323 133 V
1324 86 1349 133 I
1351 86 1562 134 LLOSIS.

517 212 663 253 tectam
685 203 980 266 CeLRqffihius
1000 209 1040 250 in
1055 206 1266 249 Thesauris
1284 207 1357 249 suis
1375 209 1551 251 exhibet.
1576 208 1673 267 Quo
1691 209 1819 265 magis

509 276 795 332 coquebunus,
825 287 874 315 eo
904 274 1077 315 tenacior
1104 273 1307 313 euadebat.
1374 273 1462 316 Post
1487 275 1748 316 elixationem
1777 277 1820 317 in

512 340 663 383 lamina
694 339 817 381 ferrea
845 341 928 394 igni
948 348 1086 393 aperto
1108 336 1388 392 imposuimus,
1411 338 1515 378 vnde
1534 340 1691 381 tandem
1719 339 1819 381 adeo

511 406 711 457 induruit,
747 413 792 445 vt
824 405 864 445 in
898 404 1102 459 puluerem
1136 397 1321 455 potuisset
1353 401 1493 456 redigi.
1563 403 1717 445 Partem
1746 404 1827 446 hu-

511 470 573 512 ius
606 470 821 520 materiae,
855 469 995 521 absque
1028 467 1186 520 praeuia
1219 466 1463 519 elixatioue,
1497 465 1694 509 methodo
1727 469 1825 510 vlti-

513 546 587 575 mo
621 542 944 574 commemorata
977 530 1320 583 examinauimus,
1355 544 1435 586 quo
1477 529 1624 572 laetum
1658 532 1738 586 est,
1780 542 1827 575 vt

513 608 729 651 antequam
761 597 803 637 in
838 595 1116 638 membranam
1146 605 1187 636 et
1214 596 1374 636 tandem
1404 597 1444 637 iu
1472 596 1723 637 substantiam
1753 598 1829 638 du-

513 674 605 704 {am
641 671 937 701 conuerteretur
948 693 964 713 „
996 661 1146 701 multae
1177 660 1350 701 bullulae
1383 673 1520 702 aereae
1538 661 1828 714 excitarentur,

514 738 681 781 quarum
711 737 808 766 vero
829 738 1002 780 paucae,
1023 734 1186 780 propter
1216 725 1406 766 materiae
1437 725 1718 779 tenacitatem,
1741 726 1830 780 pela

514 790 677 832 liculam
710 789 815 832 suam
847 791 1096 844 disrumpere
1120 799 1331 844 poterant,
1359 800 1404 831 vt
1433 790 1553 844 igitur
1580 803 1647 831 aer
1673 789 1830 831 solum-

517 855 646 897 modo
667 853 805 896 senfim
826 854 1014 896 exhalare
1032 864 1253 909 cogeretur.
1321 852 1510 895 Ceterum
1531 854 1672 908 pulmo
1691 854 1829 895 dexter

516 920 634 958 valde
668 920 782 959 durus
814 929 921 970 erat,⁷
955 918 1018 959 sed
1050 919 1308 973 aequabiliter
1338 927 1378 959 et
1411 918 1488 959 fine
1520 918 1633 959 nodis
1664 916 1827 968 sparsis:²

515 980 694 1036 itemque
730 982 848 1022 solito
871 982 1034 1034 maior,
1062 983 1246 1038 siquidem
1278 983 1576 1040 propemodum
1603 980 1727 1034 duplo
1745 978 1833 1034 plus

514 1046 759 1101 ponderabat
791 1059 910 1101 quam
937 1046 1098 1089 sinister.

637 1167 674 1216 §.
690 1187 733 1225 9.
761 1169 805 1213 Si
825 1172 875 1214 de
894 1172 1022 1214 modo
1042 1170 1203 1213 formali
1230 1184 1414 1227 quaeras,
1445 1183 1526 1227 quo
1544 1170 1833 1214 excrescentiae

517 1237 617 1280 mles
637 1236 782 1279 scrofae
801 1236 968 1289 separa-ri
989 1246 1104 1289 atque
1123 1239 1290 1278 excerni
1310 1237 1552 1292 poffint,duo
1573 1236 1831 1292 potiffimum

517 1299 742 1358 probabiles
773 1298 854 1340 esse
886 1298 1096 1351 videntur,
1131 1308 1199 1337 aut
1238 1303 1350 1338 enim
1389 1312 1442 1339 ex
1484 1301 1723 1352 vaporibus,
1765 1301 1831 1354 qui

518 1377 574 1406 ex
602 1364 789 1405 omuibus
817 1361 1026 1403 visceribus
1056 1362 1248 1403 continuo
1274 1361 1487 1415 exhalant,
1517 1363 1608 1402 illae
1636 1375 1832 1416 generan-

522 1437 608 1479 tur,
655 1437 719 1468 aut
746 1439 800 1467 ex
827 1426 914 1480 ipsis
941 1424 1150 1465 visceribus
1179 1425 1244 1466 sub
1270 1425 1403 1468 forma
1431 1440 1514 1467 non
1543 1425 1733 1481 vaporofa
1769 1425 1831 1469 sed

517 1491 699 1534 crassiore
730 1500 770 1531 et
798 1490 913 1531 ssuida
934 1486 1133 1543 expreffae
1153 1489 1403 1532 transsudant:
1425 1492 1562 1545 quibus
1580 1492 1701 1532 etiam
1721 1490 1831 1542 lym-

519 1556 603 1614 pha
635 1556 871 1611 pericardii,
903 1554 929 1595 si
961 1555 1009 1595 de
1037 1554 1225 1596 cordibus
1263 1556 1412 1598 villosis
1453 1556 1494 1597 in
1534 1555 1662 1612 specie
1701 1554 1831 1598 sermo

516 1623 598 1674 est,
639 1632 845 1676 tamquam
887 1619 1053 1660 materia
1095 1621 1286 1675 proxima
1318 1622 1571 1663 annumerari
1601 1619 1747 1676 potest.

633 1750 670 1801 6.
712 1760 783 1790 10.
819 1747 945 1806 Quod
976 1747 1026 1791 ad
1066 1759 1240 1803 vapores
1272 1749 1439 1802 attinet,
1472 1749 1530 1790 illi
1565 1748 1725 1803 quidem
1757 1760 1831 1804 ge-

518 1814 702 1858 neraliter
733 1816 866 1868 negari
898 1825 981 1854 non
1025 1814 1193 1868 possunt:
1227 1813 1291 1854 sed
1322 1815 1362 1855 in
1406 1815 1516 1868 vagis
1548 1814 1714 1855 illorum
1755 1826 1832 1854 ex-

516 1879 780 1922 halationibus
814 1878 918 1919 nulla
960 1879 1064 1920 ratio
1106 1877 1297 1920 sufficiens
1338 1879 1669 1932 deprehenditur,
1712 1889 1829 1933 quare

519 1945 617 1986 tales
659 1944 847 1985 materiae
877 1956 961 1984 non
993 1943 1136 1997 vbique
1168 1943 1209 1983 in
1242 1952 1326 1984 tota
1359 1944 1486 1998 aliqua
1519 1944 1697 1998 corporis
1722 1942 1829 1982 caui-

521 2018 630 2061 tate,
666 2008 730 2049 sed
773 2009 1054 2048 tantummodo
1083 2020 1120 2047 e.
1142 2019 1202 2060 gr.
1234 2008 1274 2048 in
1306 2007 1385 2048 hoc
1412 2008 1578 2064 praecise
1605 2008 1702 2048 lobo
1732 2005 1827 2058 pul-

521 2074 658 2118 monis
676 2081 716 2115 et
741 2085 824 2115 non
850 2073 892 2115 in
912 2072 993 2115 alio
1011 2072 1202 2131 proxime
1220 2072 1358 2116 vicino
1376 2074 1620 2130 detegantur.
1688 2067 1828 2111 Cauffit

1712 2145 1827 2177 tertia
