1932 2641
532 130 627 180 256
723 124 805 166 DE
837 119 1695 170 MVTILATIONE'BRACHIORVM

532 244 814 297 monstriparas
846 241 1098 285 serenitatem
1140 241 1284 282 mentis
1323 240 1423 283 haud
1465 244 1723 300 interruptam
1757 258 1827 287 re-

533 307 714 360 tinuiss'e,
746 309 839 348 alias
875 309 964 347 vice
996 306 1120 358 veria,
1156 306 1196 346 in
1232 317 1395 358 quarum
1429 307 1713 363 imaginatione
1733 323 1825 363 gra-

533 388 602 416 ues
624 373 811 415 tumultus
831 372 1154 425 tempestatesque
1174 383 1218 410 ac
1238 370 1362 409 animi
1381 372 1823 427 aegritudines,hmeque

532 439 660 482 foetus
693 435 842 488 causta,
876 436 1010 477 idaeae
1029 433 1323 476 molestissimae
1341 432 1635 490 suscitabantur,
1670 439 1825 493 praem

532 503 702 545 ,edidisse
735 503 870 542 omnis
906 500 1004 540 labis
1036 509 1076 539 et
1115 499 1202 538 vitii
1234 507 1470 553 expertem,
1504 499 1606 541 haud
1641 516 1718 543 vno
1753 515 1829 542 ex*-

536 570 704 621 emplo,
739 578 783 604 ac
816 565 919 604 inter
951 564 1027 604 alia
1060 562 1289 615 nouiffimo,
1323 563 1430 618 quod
1463 565 1546 606 iam
1565 563 1643 606 sors
1668 568 1829 618 obtulit,

537 632 642 673 mihi
675 638 931 683 compertum
964 628 1029 669 est.

648 761 746 810 «ξμς.
784 758 823 800 Α
845 758 1073 814 parentibus
1102 757 1290 801 historiae
1324 759 1540 802 exordium
1573 760 1780 814 ducenteS,
1807 772 1836 802 a

534 825 680 867 militis
714 824 948 879 praesidiarii
982 825 1175 879 coniuge,
1217 825 1298 866 iam
1331 826 1514 866 vndecies
1546 835 1662 866 vtero
1694 836 1836 879 geren-

538 900 604 942 te,
637 903 682 929 ac
714 888 782 931 sub
814 889 898 945 ipso
928 898 1045 945 partu
1079 888 1160 930 fere
1193 888 1373 944 spiritum
1398 902 1491 930 eum
1510 889 1691 942 sanguine
1710 889 1838 930 effun-

537 956 681 1003 dente,
714 967 812 1007 puer
845 952 984 994 infelix
1016 954 1189 996 brachiis
1219 966 1382 995 mancus
1408 955 1515 1008 isque
1534 954 1841 1006 primogenitus,

540 1017 714 1069 alterque
735 1017 772 1055 ei
792 1015 970 1067 sociatus,
1007 1016 1071 1057 sed
1091 1018 1312 1071 postremus
1344 1016 1405 1056 seu
1426 1014 1726 1068 posterigenitus
1743 1027 1842 1055 om-

544 1082 685 1133 nisque
719 1079 996 1120 deformitatis
1014 1093 1182 1132 expers,
1217 1083 1345 1119 vitam
1366 1079 1572 1131 lucemque
1591 1087 1839 1133 acceperunt.

545 1143 621 1184 Hic
643 1141 841 1196 profesto,
883 1144 973 1195 quia
1006 1155 1146 1196 corpus
1179 1142 1383 1196 placentae
1417 1143 1574 1196 Vtrique
1609 1152 1693 1184 erat
1724 1155 1843 1184 com-

545 1219 692 1257 mune,
728 1207 866 1246 mirari
902 1205 1023 1258 subit,
1057 1219 1127 1246 cur
1165 1216 1249 1247 tam
1281 1207 1423 1260 dispari
1455 1205 1574 1259 sorte,
1594 1208 1665 1248 vni
1691 1206 1844 1248 solum·

547 1272 691 1320 modo,
711 1269 817 1309 haud
837 1270 1028 1309 ambobus
1049 1271 1180 1322 fimul,
1202 1281 1247 1311 vt
1266 1270 1593 1325 praesumendum
1614 1271 1845 1326 erat,phan-

546 1334 664 1374 tafiae
684 1331 953 1385 impressiones
972 1331 1057 1371 sunt
1075 1332 1337 1372 communes?
1373 1334 1501 1383 Nam,
1523 1346 1645 1386 quum
1669 1347 1691 1374 e
1725 1346 1844 1373 com-

547 1398 680 1439 munis
699 1396 901 1450 placentae
920 1395 1126 1446 radicibus,
1145 1396 1266 1435 ambo
1287 1395 1447 1435 funiculi
1468 1396 1716 1435 vmbilicales
1734 1406 1845 1435 erant

548 1461 754 1511 contexti,
788 1460 927 1513 quibus
959 1459 1153 1512 aequabili
1186 1460 1340 1498 ratione
1371 1459 1570 1511 Vtriusque
1608 1457 1736 1499 foetus
1772 1472 1846 1500 nu-

552 1526 665 1566 tritio
699 1523 834 1578 perfici
871 1521 1025 1576 pofl‘et,
1059 1535 1229 1576 aequum
1263 1521 1445 1576 profecto
1477 1519 1554 1563 effe
1572 1523 1753 1577 videtur,
1800 1532 1846 1564 vt

554 1589 669 1630 simul
704 1590 742 1628 in
778 1598 972 1640 vtroque,
1006 1588 1142 1627 matris
1180 1587 1452 1640 impressiones
1496 1588 1712 1640 aequaliter
1749 1600 1850 1642 pro-

552 1664 770 1710 pagentur,
807 1654 915 1693 Rem
949 1662 1080 1691 autem
1114 1651 1217 1691 secus
1250 1651 1287 1691 se
1321 1651 1486 1702 habere,
1508 1653 1754 1706 experientia
1784 1663 1847 1692 te·

553 1720 693 1761 statur:
731 1729 784 1758 ex
803 1728 881 1769 quo
901 1717 1064 1767 iterum,
1087 1715 1264 1757 aduersus
1282 1715 1505 1770 phantasiae
1524 1717 1642 1769 vires,
1665 1717 1705 1756 in
1726 1729 1850 1757 mon-

555 1784 726 1826 strorum
756 1781 1028 1834 generatione,
1066 1793 1171 1821 noua
1206 1781 1401 1821 dubitatio
1446 1781 1637 1820 exoritur.
1703 1777 1853 1821 Caete-

557 1862 667 1900 rum,
703 1858 876 1901 quonam
909 1846 1152 1899 grauiditatis
1183 1842 1395 1899 tempore?
1429 1858 1472 1884 ac
1514 1846 1715 1886 vndenam
1747 1847 1854 1886 eius·-

560 1913 675 1956 modi
707 1912 938 1965 deprauatio
971 1911 1011 1950 in
1032 1911 1158 1951 altero
1177 1911 1287 1950 foetu
1307 1910 1505 1962 originem
1528 1912 1718 1963 traxerit,
1753 1921 1850 1950 num

560 1977 770 2031 aliquando
804 1986 843 2015 et
875 1989 1045 2030 quanam
1080 1973 1307 2016 occasione?
1340 1975 1525 2027 quibusue
1557 1974 1853 2016 circumstantiis

561 2041 690 2083 subito
724 2053 769 2081 ac
801 2039 1080 2081 vehementius
1099 2041 1216 2080 fuerit
1235 2052 1348 2081 mens
1369 2038 1612 2093 perturbata?
1645 2039 1758 2092 ipsius
1781 2039 1854 2078 de—

563 2106 682 2164 nique
715 2105 853 2149 matris
876 2100 932 2148 ‘de
968 2105 1162 2148 eiusmodi
1194 2105 1278 2148 casti
1310 2105 1501 2149 iudicium
1506 2135 1526 2159 2
1567 2104 1701 2160 quibus
1737 2113 1857 2157 prae*

1781 2167 1859 2209 fata
