1932 2641
529 105 617 146 310
738 86 974 133 AORTAE
1007 87 1083 129 ET
1117 85 1329 131 SPINAE
1363 87 1651 132 DORSALIS

522 206 622 249 cesse
650 203 799 259 fuiffet‚
836 208 922 261 post
961 215 1113 247 certum
1163 207 1355 257 temporis
1395 207 1561 262 spatium
1597 205 1827 256 istiusmodi,

522 273 721 313 tubercula
755 271 817 311 seu
852 285 969 325 parua
1007 269 1284 310 Aneurismata
1321 272 1555 312 excrescere.
1625 272 1729 313 Eam
1767 272 1822 311 ob

520 334 703 387 caussam,
742 337 885 376 rationi
907 335 1009 375 hand
1049 332 1309 372 inconsonum
1348 333 1426 384 est,
1471 337 1605 377 cuneta
1648 336 1711 376 hic
1749 346 1824 375 ex-

521 401 655 441 stantia
678 399 888 450 tubercula,
924 410 1044 451 aeque
1074 409 1166 436 vera
1187 394 1263 435 effe
1300 396 1594 449 Aneurismata,
1613 412 1656 439 ac
1688 400 1825 452 ingens

521 465 832 516 eorumdemque
871 463 1010 502 Parcus
1047 461 1311 509 Aneumma,
1351 473 1439 500 cum
1470 473 1547 512 quo
1566 474 1825 503 communem

520 529 724 580 originem
764 527 942 565 habent:
1002 523 1117 562 Vnde
1147 523 1214 562 vel
1245 536 1267 562 e
1306 522 1384 564 sola
1422 523 1693 565 foecunditatis
1728 539 1827 566 con-

523 591 756 632 fidemtione
790 620 801 640 ,
879 589 1023 630 Aneuri
1039 581 1101 626 ina
1169 582 1392 642 morfirosum
1446 589 1593 629 merito
1650 589 1829 642 appella-

521 663 597 693 tur.
681 653 727 693 In
782 661 920 692 aortae
974 651 1101 691 antica
1150 649 1246 690 facie
1269 682 1279 701 ,
1336 653 1383 692 de
1431 665 1500 706 qua
1549 652 1615 692 hic
1649 661 1830 692 tantum-

520 717 648 757 modo
686 716 816 756 sermo
857 716 934 765 est,
975 714 1167 755 nonnulla
1205 715 1443 768 amplissima
1481 726 1591 756 etant
1623 725 1667 756 vt
1703 728 1827 756 ouum

520 781 824 831 columbinum,
875 780 950 819 alia
1007 788 1050 818 vt
1097 779 1270 819 eiusdem
1334 781 1399 820 oui
1453 781 1694 833 dimidium,
1751 779 1828 819 alia

521 853 567 885 vt
603 844 754 899 pisum:
815 841 980 884 Caetera
1032 852 1164 883 autern
1190 875 1201 894 ,
1236 842 1302 883 snb
1345 853 1453 897 parte
1501 844 1646 896 postica
1695 852 1829 882 nortae

520 909 615 959 sita,
657 907 755 949 infra
791 908 1033 948 videbimus.
1102 908 1257 957 Porro,
1306 907 1537 948 eorumdem
1577 907 1697 958 figura
1734 906 1832 944 hae-

526 971 809 1026 misphaericae
848 970 1132 1024 respondebat,
1171 972 1286 1024 idque
1307 971 1406 1011 haud
1436 968 1829 1023 praetermittendum

524 1035 603 1086 est,
643 1036 746 1088 quod
785 1035 892 1074 tactu
923 1036 1048 1074 iudice
1088 1048 1138 1074 eo
1177 1034 1334 1074 craffior
1371 1044 1410 1072 et
1447 1031 1595 1084 spiffior
1627 1031 1828 1071 substantia

520 1098 816 1138 tuberculorum
847 1097 890 1136 fit
922 1097 1000 1136 visa
1025 1127 1036 1146 ‚
1078 1110 1156 1149 quo
1196 1096 1371 1136 extensio
1411 1095 1472 1135 sen
1521 1096 1701 1135 dilatatio
1739 1108 1829 1135 ma-

522 1162 666 1203 xima;
716 1173 768 1201 ex
787 1158 948 1201 aduerso
973 1192 984 1212 ,
1028 1161 1067 1198 in
1107 1160 1329 1199 minoribus
1367 1160 1608 1211 tuberculis,
1647 1159 1715 1200 vbi
1739 1172 1832 1212 gra-

523 1225 595 1264 dus
634 1224 876 1264 dilatationis
907 1220 979 1262 suit
1007 1224 1166 1274 minor,
1206 1224 1260 1263 ibi
1299 1224 1427 1264 maior
1470 1224 1688 1264 attenuatio
1726 1232 1828 1263 erat:

525 1288 600 1327 His
638 1296 864 1339 praeterea,
904 1284 1007 1324 haud
1045 1297 1144 1322 vero
1182 1286 1260 1324 illis
1297 1287 1549 1337 compressis,
1603 1287 1832 1337 crepitatio-

526 1362 622 1390 nem
642 1348 706 1388 vel
736 1348 932 1398 sonitum,
974 1357 1016 1386 vt
1054 1347 1092 1386 in
1134 1345 1390 1399 perfrae‘tione
1429 1348 1544 1386 testae
1592 1349 1658 1387 oni
1696 1348 1830 1386 andire

526 1412 704 1466 procliue
742 1420 836 1450 erat.
904 1410 1110 1450 Postremo
1147 1412 1412 1451 annotandum
1433 1412 1511 1461 est,
1532 1410 1750 1451 istiusmodi
1770 1420 1835 1451 tu-

527 1476 684 1516 bercula
724 1471 834 1526 super
872 1483 1051 1513 truncum
1090 1473 1376 1514 Ancuriimatis
1424 1474 1472 1513 sic
1511 1474 1692 1528 disposita
1731 1474 1830 1526 effe,

525 1548 572 1580 vt
609 1540 649 1578 in
686 1546 796 1591 parte
834 1537 976 1577 altiore
1015 1535 1076 1575 sen
1113 1536 1408 1589 eminentiore,
1453 1537 1519 1577 vbi
1557 1551 1703 1591 nempe
1742 1551 1832 1578 ma—

526 1603 642 1644 xima
670 1601 741 1642 fuit
771 1600 978 1651 dilatatio,
1019 1601 1071 1640 ibi
1113 1600 1289 1640 craffiora
1329 1613 1369 1641 et
1406 1602 1613 1653 maxima,
1651 1602 1689 1641 in
1721 1611 1830 1655 parte

525 1676 660 1708 autem
698 1664 915 1706 decliuiore
954 1665 1111 1704 minora
1151 1674 1191 1704 et
1229 1665 1389 1718 paruula
1429 1666 1624 1707 tubercula
1654 1666 1728 1706 fint
1757 1678 1834 1720 po-

529 1730 615 1772 fita.

649 1794 681 1843 ξ.
708 1805 750 1842 9.
786 1791 999 1842 nackenus,
1030 1794 1229 1833 exteriore
1258 1793 1391 1833 habitu
1421 1802 1554 1834 aortae
1581 1795 1833 1847 eiusdemque

529 1856 823 1897 conditionibus
843 1866 886 1896 vt
914 1855 1037 1896 antica
1069 1855 1166 1896 facie
1195 1870 1238 1897 ac
1267 1859 1306 1896 in
1336 1858 1403 1897 situ
1433 1857 1558 1897 adhuc
1589 1857 1762 1898 versante
1791 1858 1830 1897 in

531 1919 785 1973 conspectum
817 1922 997 1970 veniunt,
1028 1921 1238 1974 diiigenter
1267 1922 1526 1974 perlustratis,
1559 1924 1713 1962 animus
1733 1933 1831 1974 por—

532 1996 582 2024 ro
615 1982 786 2034 ferebat,
822 1985 960 2024 faciem
996 1984 1124 2036 spinae
1160 1985 1332 2025 auersam
1353 1996 1394 2025 ct
1411 1988 1666 2039 contiguam,
1701 1984 1828 2024 cultro

532 2047 627 2089 alias
660 2047 772 2088 facile
806 2047 1077 2102 separabilem,
1111 2057 1199 2088 ante.
1237 2050 1432 2090 interioris
1464 2049 1624 2091 fi1bricae
1643 2057 1832 2089 contem-

1680 2112 1830 2165 plutio-
